,main_categ,sub_categ,price,unit_price,product_name,extra_info
0,frukt-og-gront,frukt,"kr 5,80","kr 26,36 per kg",Bananer,"Colombia/ Guatemala, 1 stk"
1,frukt-og-gront,frukt,"kr 28,70","kr 32,99 per kg",Økologiske Bananer,"Max Havelaar, Ecuador, 4 stk"
2,frukt-og-gront,frukt,"kr 32,70","kr 65,40 per kg",Rød/Gule Plommer October Sun,"I kurv, Sør Afrika, 500 g"
3,frukt-og-gront,frukt,"kr 31,60","kr 39,50 per kg",Store Appelsiner,"Spania, 3 stk"
4,frukt-og-gront,frukt,"kr 47,80","kr 47,80 per kg",Økologiske Appelsiner,"Spania, 1 kg"
5,frukt-og-gront,frukt,"kr 49,30","kr 54,78 per kg",Ekstra Saftige Klementiner,"Med Blader, Spania, 900 g"
6,frukt-og-gront,frukt,"kr 41,90","kr 83,80 per kg",Økologiske Klementiner,"Spania, 500 g"
7,frukt-og-gront,frukt,"kr 49,90","kr 49,90 per kg",Store Klementiner,"Spania, 1 kg"
8,frukt-og-gront,frukt,"kr 149,90","kr 29,98 per kg",Klementiner i Eske,"Spania, 5 kg"
9,frukt-og-gront,frukt,"kr 173,50","kr 43,38 per kg",Fruktkurv,"Miks av frukt, 4 kg"
10,frukt-og-gront,frukt,"kr 305,00","kr 67,78 per kg",Luksus Fruktkurv,"Miks av frukt, 4,5 kg"
11,frukt-og-gront,frukt,"kr 37,80","kr 90,00 per kg",Mango Stor,"Spisemoden, Brasil/Peru, 1 stk"
12,frukt-og-gront,frukt,"kr 42,80","kr 50,95 per kg",Mango,"Spisemoden, Brasil/Peru, 2 stk"
13,frukt-og-gront,frukt,"kr 47,40","kr 94,80 per kg","Økologiske Pærer, Conference","3-4 stk Frankrike, 500 g"
14,frukt-og-gront,frukt,"kr 27,30","kr 45,50 per kg","Store Pærer, Conference","Belgia, 4 pk, 4 stk"
15,frukt-og-gront,frukt,"kr 29,90","kr 59,80 per kg",Røde Pærer  Fred,"Italia, 4 stk"
16,frukt-og-gront,frukt,"kr 36,90","kr 49,20 per kg",Røde Juleepler Red Delicious,"Italia, 4 stk"
17,frukt-og-gront,frukt,"kr 58,70","kr 69,06 per kg",Pink Lady Epler,"Italia, 6 stk"
18,frukt-og-gront,frukt,"kr 40,00","kr 53,33 per kg","Epler, røde, 4 pk","Royal Gala Italia, ca. 750 g"
19,frukt-og-gront,frukt,"kr 36,00","kr 72,00 per kg",Røde Epler Gala 2-3 stk,"Økologisk, Italia, 500 g"
20,frukt-og-gront,frukt,"kr 41,40","kr 43,58 per kg","Epler, Røde, 6 pk","Royal Gala/ Italia, 950 g"
21,frukt-og-gront,frukt,"kr 32,20","kr 42,93 per kg","Epler gule, 4 pk","Golden Delicious, Italia, 750 g"
22,frukt-og-gront,frukt,"kr 31,50","kr 33,16 per kg","Epler, gule, 6 pk","Golden Delicious, Italia, 950 g"
23,frukt-og-gront,frukt,"kr 32,10","kr 42,80 per kg","Epler, grønne, 4 pk","Granny Smith, Italia, 750 g"
24,frukt-og-gront,frukt,"kr 33,20","kr 34,95 per kg","Epler, Grønne, 6 pk","Granny Smith, Italia, 950 g"
25,frukt-og-gront,frukt,"kr 23,20","kr 185,60 per kg",Blåbær i kurv,"Peru, 125 g"
26,frukt-og-gront,frukt,"kr 50,00","kr 222,22 per kg",Blåbær,"Beger m/lokk, Peru, 225 g"
27,frukt-og-gront,frukt,"kr 36,70","kr 293,60 per kg",Bringebær,"Spania, 125 g"
28,frukt-og-gront,frukt,"kr 31,40","kr 125,60 per kg",Jordbær,"Belgia/ Nederland, Elsanta, 250 g"
29,frukt-og-gront,frukt,"kr 49,90","kr 55,44 per kg",Store Saftige Røde Druer,"Red Globe, Peru, 900 g"
30,frukt-og-gront,frukt,"kr 37,80","kr 75,60 per kg",Druer Grønne Stenfrie,"Kurv, Egypt, 500 g"
31,frukt-og-gront,frukt,"kr 38,90","kr 77,80 per kg",Druer Røde Stenfrie,"Kurv, Brasil, 500 g"
32,frukt-og-gront,frukt,"kr 28,10","kr 100,36 per kg",Store Lime,"Brasil/Mexico, 3 stk"
33,frukt-og-gront,frukt,"kr 49,10","kr 169,31 per kg",Økologisk Lime 2/3 stk,"Brasil, 250 g"
34,frukt-og-gront,frukt,"kr 23,60","kr 67,43 per kg",Kiwi,"Hellas, 4 stk"
35,frukt-og-gront,frukt,"kr 43,50","kr 87,00 per kg","Økologisk Kiwi,  4-5 stk","Italia, ca. 500 g"
36,frukt-og-gront,frukt,"kr 44,90","kr 132,06 per kg",Gul Kiwi,"New Zealand, 4 stk"
37,frukt-og-gront,frukt,"kr 18,60","kr 62,00 per kg",Grapefrukt,"Sør Afrika, 1 stk"
38,frukt-og-gront,frukt,"kr 35,80","kr 358,00 per kg",Kumquat,"Spania, 100 g"
39,frukt-og-gront,frukt,"kr 16,00","kr 42,11 per kg",Sitroner 2/3 stk,"Spania/ Sørafrika/ Uruguay, 400 g"
40,frukt-og-gront,frukt,"kr 35,80","kr 162,73 per kg",Økologiske Sitroner,"Spania, 2 stk"
41,frukt-og-gront,frukt,"kr 76,40","kr 195,90 per kg",Papaya Spisemoden,"Brasil, 1 stk"
42,frukt-og-gront,frukt,"kr 78,10","kr 26,03 per kg",Vannmelon,"Spania, 3 kg"
43,frukt-og-gront,frukt,"kr 41,90","kr 27,93 per kg",Honningmelon,"Spania, 1 stk"
44,frukt-og-gront,frukt,"kr 42,10","kr 46,78 per kg",Melon Cantaloupe,"Spania, 1 stk"
45,frukt-og-gront,frukt,"kr 52,40","kr 34,93 per kg",Piel de Sapo Melon,"Spania/ Brasil, 1 stk"
46,frukt-og-gront,frukt,"kr 24,20","kr 48,40 per kg",Kokosnøtt,"Elfenbenkysten, 1 stk"
47,frukt-og-gront,frukt,"kr 33,80","kr 33,80 per kg",Ananas Gold,"Costa Rica, 1 stk"
48,frukt-og-gront,frukt,"kr 54,90","kr 39,21 per kg",Økologisk Ananas,"Elfenbenkysten, 1 stk"
49,frukt-og-gront,frukt,"kr 35,80","kr 358,00 per kg",Physalis Kurv,"Colombia, 100 g"
50,frukt-og-gront,frukt,"kr 34,40","kr 172,00 per kg",Granateple,"Peru, 1 stk"
51,frukt-og-gront,frukt,"kr 65,30","kr 261,20 per kg",Fiken,"Brasil, 4 stk"
52,frukt-og-gront,frukt,"kr 43,50","kr 189,13 per kg",Pasjonsfrukt,"Colombia, 4 stk"
53,frukt-og-gront,frukt,"kr 173,80","kr 34,76 per kg",Bananer i Kasse,5 kg
54,frukt-og-gront,frukt,"kr 49,90","kr 24,95 per kg",Appelsiner i Nett,"Vår Laveste Pris, Spania, 2 kg"
55,frukt-og-gront,frukt,"kr 48,10","kr 32,07 per kg",Røde Epler i Pose,"Polen, 1,5 kg"
56,frukt-og-gront,frukt,"kr 38,80","kr 38,80 per kg",Små Pærer,"Vår Laveste Pris,Packham, Belgia, 1 kg"
57,frukt-og-gront,frukt,"kr 19,00","kr 38,00 per kg",Små Grønne Druer,"Laveste Pris/ Hellas, 500 g"
58,frukt-og-gront,frukt,"kr 17,90","kr 17,90 per kg",Små Bananer i Pose,ca. 1 kg Costa Rica
59,frukt-og-gront,frukt,"kr 18,10","kr 45,25 per kg",Små Lime  Vår Laveste pris,"Brasil/Mexico, 6 stk"
60,frukt-og-gront,frukt,"kr 39,80","kr 19,90 per kg",Små Klementiner i Nett,"Vår laveste Pris Spania, 2 kg"
61,frukt-og-gront,frukt,"kr 21,50","kr 43,00 per kg",Små Røde Druer,"Vår Laveste Pris, Spania/ Egypt, 500 g"
0,frukt-og-gront,baer,"kr 23,20","kr 185,60 per kg",Blåbær i kurv,"Peru, 125 g"
1,frukt-og-gront,baer,"kr 36,70","kr 293,60 per kg",Bringebær,"Spania, 125 g"
2,frukt-og-gront,baer,"kr 50,00","kr 222,22 per kg",Blåbær,"Beger m/lokk, Peru, 225 g"
3,frukt-og-gront,baer,"kr 52,90","kr 423,20 per kg",Bjørnebær,"Mexico, 125 g"
4,frukt-og-gront,baer,"kr 36,70","kr 293,60 per kg",Rips,"Nederland, 125 g"
5,frukt-og-gront,baer,"kr 100,00","kr 333,33 per kg",Frosne Multer,300 g
6,frukt-og-gront,baer,"kr 31,40","kr 125,60 per kg",Jordbær,"Belgia/ Nederland, Elsanta, 250 g"
0,frukt-og-gront,ferdig-kuttede-salater,"kr 109,00","kr 109,00 per stk",Kyllingsalat,1 stk
1,frukt-og-gront,ferdig-kuttede-salater,"kr 109,00","kr 109,00 per stk",Salat med Ost Og skinke,1 stk
2,frukt-og-gront,ferdig-kuttede-salater,"kr 47,10","kr 269,14 per kg",Babyleafmiks,"Vasket, Italia, 175 g"
3,frukt-og-gront,ferdig-kuttede-salater,"kr 40,50","kr 202,50 per kg",Gourmetsalat,"Vasket,Spania, 200 g"
4,frukt-og-gront,ferdig-kuttede-salater,"kr 31,00","kr 124,00 per kg",Grønnkål Miks,"Vasket, Norge, 250 g"
5,frukt-og-gront,ferdig-kuttede-salater,"kr 25,40","kr 203,20 per kg",Grønnkål uten Stilk,"Vasket, Norge, 125 g"
6,frukt-og-gront,ferdig-kuttede-salater,"kr 22,90","kr 114,50 per kg",Isbergmiks,"Vasket, Spania, 200 g"
7,frukt-og-gront,ferdig-kuttede-salater,"kr 33,10","kr 132,40 per kg",Pak Choi Wokmiks,"Vasket, Norge/ Spania, 250 g"
8,frukt-og-gront,ferdig-kuttede-salater,"kr 22,00","kr 88,00 per kg",Råkostmiks,"Vasket, Norge, 250 g"
9,frukt-og-gront,ferdig-kuttede-salater,"kr 42,50","kr 283,33 per kg",Rød og Grønn salatmiks,"Vasket, Spania, 150 g"
10,frukt-og-gront,ferdig-kuttede-salater,"kr 30,40","kr 173,71 per kg",Romano Mix,"Vasket, Italia/Spania, 175 g"
11,frukt-og-gront,ferdig-kuttede-salater,"kr 99,20","kr 99,20 per kg",Salatblanding LUX,"Vasket, Italia/ Spania, 1 kg"
12,frukt-og-gront,ferdig-kuttede-salater,"kr 29,00","kr 116,00 per kg",Salatmix Isberg og Radiccio,"Vasket, Spania, 250 g"
13,frukt-og-gront,ferdig-kuttede-salater,"kr 18,90","kr 151,20 per kg",Spinat Vasket,"Italia, 125 g"
14,frukt-og-gront,ferdig-kuttede-salater,"kr 29,00","kr 145,00 per kg",Svartkål Wokmiks,"Vasket, Norge, 200 g"
15,frukt-og-gront,ferdig-kuttede-salater,"kr 31,00","kr 124,00 per kg",Wokmiks Premium,"Vasket,Norge, 250 g"
16,frukt-og-gront,ferdig-kuttede-salater,"kr 24,00","kr 342,86 per kg",Ruccula,"Vasket, Italia, 70 g"
17,frukt-og-gront,ferdig-kuttede-salater,"kr 109,00","kr 109,00 per stk",Rekesalat,1 stk
0,frukt-og-gront,salater-og-kal,"kr 22,90","kr 11,45 per stk",Hjertesalat,"Spania, 2 stk"
1,frukt-og-gront,salater-og-kal,"kr 28,40","kr 28,40 per stk",Crispisalat,"Beger, Spania, 1 stk"
2,frukt-og-gront,salater-og-kal,"kr 24,00","kr 342,86 per kg",Ruccula,"Vasket, Italia, 70 g"
3,frukt-og-gront,salater-og-kal,"kr 15,00","kr 15,00 per stk",Isbergsalat,"Spania, 1 stk"
4,frukt-og-gront,salater-og-kal,"kr 30,00","kr 300,00 per kg",Babyleaf Salatblanding,"Spania/ Italia, 100 g"
5,frukt-og-gront,salater-og-kal,"kr 20,70","kr 276,00 per kg",Ruccola,"Italia, 75 g"
6,frukt-og-gront,salater-og-kal,"kr 30,10","kr 172,00 per kg",Ruccola mix,"Vasket, Italia/Spania, 175 g"
7,frukt-og-gront,salater-og-kal,"kr 30,50","kr 305,00 per kg",Salatblanding Premium,"Spania/ Italia, 100 g"
8,frukt-og-gront,salater-og-kal,"kr 35,00","kr 140,00 per kg",Spinat Uvasket,"Spania, 250 g"
9,frukt-og-gront,salater-og-kal,"kr 27,90","kr 279,00 per kg",Babyspinat,"Uvasket Spania, 100 g"
10,frukt-og-gront,salater-og-kal,"kr 31,60","kr 31,60 per stk",Feldsalat,"Nederland, 1 stk"
11,frukt-og-gront,salater-og-kal,"kr 32,50","kr 162,50 per kg",Grønnkål,"Norge, 200 g"
12,frukt-og-gront,salater-og-kal,"kr 24,20","kr 24,20 per stk",Rapidsalat,"Norge, 1 stk"
13,frukt-og-gront,salater-og-kal,"kr 24,90","kr 199,20 per kg",Mini Pak Choi,"Italia/ Nederland, 125 g"
14,frukt-og-gront,salater-og-kal,"kr 30,40","kr 30,40 per stk",Romano Grønn,"Spania, 1 stk"
15,frukt-og-gront,salater-og-kal,"kr 36,70","kr 36,70 per stk",Økologisk Isbergsalat,"Italia, 1 stk"
16,frukt-og-gront,salater-og-kal,"kr 32,60","kr 32,60 per stk",Hodesalat,"Nederland, 1 stk"
17,frukt-og-gront,salater-og-kal,"kr 46,20","kr 46,20 per stk",Trippelsalat,"Spania/ Italia, 1 stk"
18,frukt-og-gront,salater-og-kal,"kr 47,40","kr 118,50 per kg",Salatblanding Premium Beger,"Spania/ Italia, 400 g"
19,frukt-og-gront,salater-og-kal,"kr 28,80","kr 28,80 per stk",Kinakål,"Spania, 1 stk"
20,frukt-og-gront,salater-og-kal,"kr 46,50","kr 33,21 per kg",Rødkål,"Norge, 1,4 kg"
21,frukt-og-gront,salater-og-kal,"kr 32,60","kr 81,50 per kg",Spisskål,"Spania, 400 g"
22,frukt-og-gront,salater-og-kal,"kr 18,10","kr 12,07 per kg",Hodekål,"Norge, 1,5 kg"
23,frukt-og-gront,salater-og-kal,"kr 41,40","kr 41,40 per stk",Batavia Grønn,"Spania/ Italia, 1 stk"
24,frukt-og-gront,salater-og-kal,"kr 38,20","kr 38,20 per stk",Ekeblad Grønn,"Spania/ Italia, 1 stk"
25,frukt-og-gront,salater-og-kal,"kr 38,20","kr 38,20 per stk",Ekeblad Rød,"Spania/ Italia, 1 stk"
26,frukt-og-gront,salater-og-kal,"kr 41,50","kr 41,50 per stk",Frisesalat,"Spania/ Italia, 1 stk"
27,frukt-og-gront,salater-og-kal,"kr 38,20","kr 38,20 per stk",Lollosalat Grønn,"Spania/ Italia, 1 stk"
28,frukt-og-gront,salater-og-kal,"kr 38,20","kr 38,20 per stk",Lollosalat Rød,"Spania/ Italia, 1 stk"
29,frukt-og-gront,salater-og-kal,"kr 27,30","kr 136,50 per kg",Brokkoliris,"Spania, 200 g"
30,frukt-og-gront,salater-og-kal,"kr 28,30","kr 141,50 per kg",Blomkålris,"Spania, 200 g"
31,frukt-og-gront,salater-og-kal,"kr 24,20","kr 80,67 per kg",Knutekål,"Italia, 300 g"
32,frukt-og-gront,salater-og-kal,"kr 36,80","kr 147,20 per kg",Radicchio Rosso,"Spania/ Italia, 1 stk"
33,frukt-og-gront,salater-og-kal,"kr 42,50","kr 70,83 per kg",Økologisk Hodekål,"Norge, 600 g"
34,frukt-og-gront,salater-og-kal,"kr 58,90","kr 117,80 per kg",Romano Grovkuttet,"Vasket, Spania, 500 g"
35,frukt-og-gront,salater-og-kal,"kr 66,60","kr 166,50 per kg",Crispisalat,"Spania, 400 g"
36,frukt-og-gront,salater-og-kal,"kr 43,50","kr 580,00 per kg",Økologisk Babyleaf Miks,"Italia, 1 stk"
0,frukt-og-gront,ferdigkuttet-frukt-og-gront,"kr 28,30","kr 141,50 per kg",Blomkålris,"Spania, 200 g"
1,frukt-og-gront,ferdigkuttet-frukt-og-gront,"kr 27,30","kr 136,50 per kg",Brokkoliris,"Spania, 200 g"
2,frukt-og-gront,ferdigkuttet-frukt-og-gront,"kr 36,70","kr 146,80 per kg",Ratatouilleblanding,"Ferdigkuttet, Spania/ Holland/ Norge, 250 g"
3,frukt-og-gront,ferdigkuttet-frukt-og-gront,"kr 48,00","kr 240,00 per kg",Brokkolini,"Kenya, 200 g"
4,frukt-og-gront,ferdigkuttet-frukt-og-gront,"kr 32,10","kr 214,00 per kg",Blomkålbuketter,"Vasket, Spania, 150 g"
5,frukt-og-gront,ferdigkuttet-frukt-og-gront,"kr 46,50","kr 310,00 per kg",Brokkolini Topper,"Kenya/ Spania, 150 g"
6,frukt-og-gront,ferdigkuttet-frukt-og-gront,"kr 41,50","kr 207,50 per kg",Stekemix med Aspargesbønner Gulrot & Løk,"Norge/ Marokko, 200 g"
7,frukt-og-gront,ferdigkuttet-frukt-og-gront,"kr 30,50","kr 203,33 per kg",Brokkolibuketter,"Vasket, Spania, 150 g"
8,frukt-og-gront,ferdigkuttet-frukt-og-gront,"kr 24,30","kr 135,00 per kg",Gulrot i Staver,"Norge, 180 g"
9,frukt-og-gront,ferdigkuttet-frukt-og-gront,"kr 18,90","kr 151,20 per kg",Spinat Vasket,"Italia, 125 g"
10,frukt-og-gront,ferdigkuttet-frukt-og-gront,"kr 30,40","kr 173,71 per kg",Romano Mix,"Vasket, Italia/Spania, 175 g"
11,frukt-og-gront,ferdigkuttet-frukt-og-gront,"kr 25,40","kr 203,20 per kg",Grønnkål uten Stilk,"Vasket, Norge, 125 g"
12,frukt-og-gront,ferdigkuttet-frukt-og-gront,"kr 47,10","kr 269,14 per kg",Babyleafmiks,"Vasket, Italia, 175 g"
13,frukt-og-gront,ferdigkuttet-frukt-og-gront,"kr 31,00","kr 124,00 per kg",Grønnkål Miks,"Vasket, Norge, 250 g"
14,frukt-og-gront,ferdigkuttet-frukt-og-gront,"kr 22,00","kr 88,00 per kg",Råkostmiks,"Vasket, Norge, 250 g"
15,frukt-og-gront,ferdigkuttet-frukt-og-gront,"kr 40,50","kr 202,50 per kg",Gourmetsalat,"Vasket,Spania, 200 g"
16,frukt-og-gront,ferdigkuttet-frukt-og-gront,"kr 29,00","kr 116,00 per kg",Salatmix Isberg og Radiccio,"Vasket, Spania, 250 g"
17,frukt-og-gront,ferdigkuttet-frukt-og-gront,"kr 22,90","kr 114,50 per kg",Isbergmiks,"Vasket, Spania, 200 g"
18,frukt-og-gront,ferdigkuttet-frukt-og-gront,"kr 42,50","kr 283,33 per kg",Rød og Grønn salatmiks,"Vasket, Spania, 150 g"
0,frukt-og-gront,gronnsaker,"kr 28,80","kr 28,80 per stk",Stor Agurk,"Norsk, 1 stk"
1,frukt-og-gront,gronnsaker,"kr 35,20","kr 234,67 per kg",Miniagurk,"Beger, Holland, 150 g"
2,frukt-og-gront,gronnsaker,"kr 19,90","kr 19,90 per stk",Liten Agurk,"Vår Laveste Pris, Norge/Holland, 1 stk"
3,frukt-og-gront,gronnsaker,"kr 49,50","kr 247,50 per kg","Tomater, Piccolo","Norge, 200 g"
4,frukt-og-gront,gronnsaker,"kr 32,60","kr 186,29 per kg",Mini Plommetomat i Beger,"Norge, 175 g"
5,frukt-og-gront,gronnsaker,"kr 46,90","kr 117,25 per kg","Cherrytomater, klase","Holland, 400 g"
6,frukt-og-gront,gronnsaker,"kr 54,00","kr 108,00 per kg",Plommetomat,"Holland, 500 g"
7,frukt-og-gront,gronnsaker,"kr 32,40","kr 162,00 per kg",Økologiske Cherrytomater,"Spania, 200 g"
8,frukt-og-gront,gronnsaker,"kr 58,90","kr 117,80 per kg",Økologiske Klasetomater,"Spania, 500 g"
9,frukt-og-gront,gronnsaker,"kr 29,90","kr 119,60 per kg",San Marzano Klasetomater,"Holland, 250 g"
10,frukt-og-gront,gronnsaker,"kr 22,80","kr 45,60 per kg",Tomater i klase,"Holland, 500 g"
11,frukt-og-gront,gronnsaker,"kr 17,80","kr 71,20 per kg","Cherrytomater, Røde","Holland/Spania, 250 g"
12,frukt-og-gront,gronnsaker,"kr 35,80","kr 159,11 per kg","Tomat, Økologisk, 2/3 pk","Holland/Spania, 225 g"
13,frukt-og-gront,gronnsaker,"kr 52,90","kr 211,60 per kg","Cherrytomater, Gule","Spania, 250 g"
14,frukt-og-gront,gronnsaker,"kr 20,00","kr 40,00 per kg",Tomater,"Vår Laveste Pris, Holland, 500 g"
15,frukt-og-gront,gronnsaker,"kr 36,90","kr 97,11 per kg",Avokado Stor Spisemoden,"Peru/Spania, 1 stk"
16,frukt-og-gront,gronnsaker,"kr 79,90","kr 79,90 per kg",Avokado Snart Moden,"ca 7 stk, Colombia/ Mexico"
17,frukt-og-gront,gronnsaker,"kr 27,50","kr 91,67 per kg",Avokado Spisemoden,"Colombia/Sør-Afrika, 2 stk"
18,frukt-og-gront,gronnsaker,"kr 47,20","kr 181,54 per kg",Økologisk Avokado,"Mexico, 2 stk"
19,frukt-og-gront,gronnsaker,"kr 35,90","kr 35,90 per kg",Gulrøtter vasket,"Norge, 1 kg"
20,frukt-og-gront,gronnsaker,"kr 21,70","kr 131,52 per kg",Knaskerøtter,"Portugal, 165 g"
21,frukt-og-gront,gronnsaker,"kr 33,40","kr 44,53 per kg",Økologiske Gulrøtter,"Norge, 750 g"
22,frukt-og-gront,gronnsaker,"kr 26,50","kr 176,67 per kg",Minigulrot,"Pose, Norge, 150 g"
23,frukt-og-gront,gronnsaker,"kr 24,30","kr 135,00 per kg",Gulrot i Staver,"Norge, 180 g"
24,frukt-og-gront,gronnsaker,"kr 15,00","kr 150,00 per kg",Hvitløk,"2-3pk, Kina, 100 g"
25,frukt-og-gront,gronnsaker,"kr 19,80","kr 198,00 per kg",Kinesisk Hvitløk u/Fedd,"hele, Kina, 100 g"
26,frukt-og-gront,gronnsaker,"kr 30,40","kr 202,67 per kg",Økologisk Hvitløk,"Spania, 3 stk"
27,frukt-og-gront,gronnsaker,"kr 29,30","kr 117,20 per kg",Aromasopp,"Polen, 250 g"
28,frukt-og-gront,gronnsaker,"kr 19,90","kr 19,90 per stk",Brokkoli,"Spania, 1 stk"
29,frukt-og-gront,gronnsaker,"kr 35,50","kr 35,50 per stk",Brokkoli,"Økologisk, Spania, 1 stk"
30,frukt-og-gront,gronnsaker,"kr 48,00","kr 240,00 per kg",Brokkolini,"Kenya, 200 g"
31,frukt-og-gront,gronnsaker,"kr 46,50","kr 310,00 per kg",Brokkolini Topper,"Kenya/ Spania, 150 g"
32,frukt-og-gront,gronnsaker,"kr 24,90","kr 24,90 per stk",Blomkål,"Spania, 1 stk"
33,frukt-og-gront,gronnsaker,"kr 44,90","kr 44,90 per stk",Økologisk Blomkål,"Spania, 1 stk"
34,frukt-og-gront,gronnsaker,"kr 30,80","kr 205,33 per kg",Vårløk i Bunt,"Marokko, 150 g"
35,frukt-og-gront,gronnsaker,"kr 18,10","kr 56,56 per kg",Purreløk,"Norge, 1 stk"
36,frukt-og-gront,gronnsaker,"kr 22,70","kr 90,80 per kg",Sjalottløk,"I nett, Frankrike, 250 g"
37,frukt-og-gront,gronnsaker,"kr 35,50","kr 71,00 per kg",Økologisk Rødløk,"Nederland, 500 g"
38,frukt-og-gront,gronnsaker,"kr 22,90","kr 91,60 per kg",Rødløk Skivet,"Norge, 250 g"
39,frukt-og-gront,gronnsaker,"kr 19,40","kr 51,73 per kg",Rødløk Strømpe,"2 stk  Norge, 375 g"
40,frukt-og-gront,gronnsaker,"kr 16,70","kr 33,40 per kg",Gul Løk,"2 stk, Norge, 500 g"
41,frukt-og-gront,gronnsaker,"kr 25,30","kr 50,60 per kg",Økologisk Gul Løk,"Nederland, 500 g"
42,frukt-og-gront,gronnsaker,"kr 19,00","kr 19,00 per kg",Gul Løk Laveste Pris,"Norge, 1 kg"
43,frukt-og-gront,gronnsaker,"kr 19,30","kr 30,63 per kg",Gul Løk,"Norge, 4 stk"
44,frukt-og-gront,gronnsaker,"kr 22,60","kr 70,63 per kg",Squash Grønn,"Holland, 1 stk"
45,frukt-og-gront,gronnsaker,"kr 25,80","kr 143,33 per kg",Økologisk Squash,"Spania, 1 stk"
46,frukt-og-gront,gronnsaker,"kr 26,40","kr 120,00 per kg",Aubergine,"Nederland, 1 stk"
47,frukt-og-gront,gronnsaker,"kr 10,00","kr 40,00 per kg",Champignon,"Kurv, Polen, 250 g"
48,frukt-og-gront,gronnsaker,"kr 54,40","kr 544,00 per kg",Aspargestopper,"Peru, 100 g"
49,frukt-og-gront,gronnsaker,"kr 47,20","kr 188,80 per kg",Asparges i Bunt,"Peru, 250 g"
50,frukt-og-gront,gronnsaker,"kr 24,50","kr 163,33 per kg",Sukkererter,"Zimbabwe, 150 g"
51,frukt-og-gront,gronnsaker,"kr 36,30","kr 242,00 per kg",Aspargesbønner,"Kenya, 150 g"
52,frukt-og-gront,gronnsaker,"kr 48,80","kr 97,60 per kg",Ingefær,"Kina, 500 g"
53,frukt-og-gront,gronnsaker,"kr 10,40","kr 104,00 per kg",Ingefær,"Kina, 100 g"
54,frukt-og-gront,gronnsaker,"kr 32,60","kr 217,33 per kg","Rød mini Paprika, Ekstra Søte","Holland/Norge, 150 g"
55,frukt-og-gront,gronnsaker,"kr 32,60","kr 217,33 per kg","Orange mini Paprika, ekstra søte","Holland/Norge, 150 g"
56,frukt-og-gront,gronnsaker,"kr 39,50","kr 75,96 per kg",Grønn Paprika,"Spania, 2 stk"
57,frukt-og-gront,gronnsaker,"kr 36,90","kr 70,96 per kg",Gul Paprika,"Spania, 2 stk"
58,frukt-og-gront,gronnsaker,"kr 27,30","kr 218,40 per kg",Økologisk Rød Paprika,"Spania, 1 stk"
59,frukt-og-gront,gronnsaker,"kr 31,10","kr 62,20 per kg",Paprika Rød,"Spania, 2 stk"
60,frukt-og-gront,gronnsaker,"kr 54,40","kr 136,00 per kg","Paprika Mix 3 pk Gul, Grønn & Rød","Spania, 400 g"
61,frukt-og-gront,gronnsaker,"kr 22,90","kr 109,05 per kg",Spisspaprika Rød,"2 stk, Spania, 210 g"
62,frukt-og-gront,gronnsaker,"kr 65,30","kr 130,60 per kg",Rød Paprika Skivet,"Spania, 500 g"
63,frukt-og-gront,gronnsaker,"kr 18,80","kr 376,00 per kg",Chilipepper Rød,"Spania, 50 g"
64,frukt-og-gront,gronnsaker,"kr 22,80","kr 456,00 per kg",Chilipepper Grønn,"Spania, 50 g"
65,frukt-og-gront,gronnsaker,"kr 24,80","kr 496,00 per kg",Habanero Rød,"Kenya, 50 g"
66,frukt-og-gront,gronnsaker,"kr 26,20","kr 524,00 per kg",Jalapeño Grønn,"Spania, 50 g"
67,frukt-og-gront,gronnsaker,"kr 29,80","kr 29,80 per stk",Stangselleri,"Norge/Spania, 1 stk"
68,frukt-og-gront,gronnsaker,"kr 34,80","kr 34,80 per stk",Økologisk Stangselleri,"Spania, 1 stk"
69,frukt-og-gront,gronnsaker,"kr 33,20","kr 66,40 per kg",Sellerirot,"1 stk Norge, 500 g"
70,frukt-og-gront,gronnsaker,"kr 13,50","kr 39,71 per kg",Fennikel,"Holland, 1 stk"
0,frukt-og-gront,okologisk-frukt-og-gront,"kr 47,20","kr 181,54 per kg",Økologisk Avokado,"Mexico, 2 stk"
1,frukt-og-gront,okologisk-frukt-og-gront,"kr 32,40","kr 162,00 per kg",Økologiske Cherrytomater,"Spania, 200 g"
2,frukt-og-gront,okologisk-frukt-og-gront,"kr 35,80","kr 159,11 per kg","Tomat, Økologisk, 2/3 pk","Holland/Spania, 225 g"
3,frukt-og-gront,okologisk-frukt-og-gront,"kr 58,90","kr 117,80 per kg",Økologiske Klasetomater,"Spania, 500 g"
4,frukt-og-gront,okologisk-frukt-og-gront,"kr 35,50","kr 35,50 per stk",Brokkoli,"Økologisk, Spania, 1 stk"
5,frukt-og-gront,okologisk-frukt-og-gront,"kr 33,40","kr 44,53 per kg",Økologiske Gulrøtter,"Norge, 750 g"
6,frukt-og-gront,okologisk-frukt-og-gront,"kr 44,90","kr 44,90 per stk",Økologisk Blomkål,"Spania, 1 stk"
7,frukt-og-gront,okologisk-frukt-og-gront,"kr 42,50","kr 70,83 per kg",Økologisk Hodekål,"Norge, 600 g"
8,frukt-og-gront,okologisk-frukt-og-gront,"kr 35,50","kr 37,37 per kg",Kålrot,"Økologisk, Norge, 1 stk"
9,frukt-og-gront,okologisk-frukt-og-gront,"kr 27,20","kr 27,20 per stk",Økologisk Agurk,"Spania, 1 stk"
10,frukt-og-gront,okologisk-frukt-og-gront,"kr 27,30","kr 218,40 per kg",Økologisk Rød Paprika,"Spania, 1 stk"
11,frukt-og-gront,okologisk-frukt-og-gront,"kr 28,70","kr 32,99 per kg",Økologiske Bananer,"Max Havelaar, Ecuador, 4 stk"
12,frukt-og-gront,okologisk-frukt-og-gront,"kr 43,50","kr 87,00 per kg","Økologisk Kiwi,  4-5 stk","Italia, ca. 500 g"
13,frukt-og-gront,okologisk-frukt-og-gront,"kr 49,10","kr 169,31 per kg",Økologisk Lime 2/3 stk,"Brasil, 250 g"
14,frukt-og-gront,okologisk-frukt-og-gront,"kr 35,80","kr 162,73 per kg",Økologiske Sitroner,"Spania, 2 stk"
15,frukt-og-gront,okologisk-frukt-og-gront,"kr 54,90","kr 39,21 per kg",Økologisk Ananas,"Elfenbenkysten, 1 stk"
16,frukt-og-gront,okologisk-frukt-og-gront,"kr 47,80","kr 47,80 per kg",Økologiske Appelsiner,"Spania, 1 kg"
17,frukt-og-gront,okologisk-frukt-og-gront,"kr 41,90","kr 83,80 per kg",Økologiske Klementiner,"Spania, 500 g"
18,frukt-og-gront,okologisk-frukt-og-gront,"kr 36,00","kr 72,00 per kg",Røde Epler Gala 2-3 stk,"Økologisk, Italia, 500 g"
19,frukt-og-gront,okologisk-frukt-og-gront,"kr 47,40","kr 94,80 per kg","Økologiske Pærer, Conference","3-4 stk Frankrike, 500 g"
20,frukt-og-gront,okologisk-frukt-og-gront,"kr 66,60","kr 44,40 per kg",Økologiske Poteter Uvasket,"Hassel/Folva, Norge, 1,5 kg"
21,frukt-og-gront,okologisk-frukt-og-gront,"kr 65,30","kr 130,60 per kg",Økologisk Søtpotet,"Portugal, ca. 500 g"
22,frukt-og-gront,okologisk-frukt-og-gront,"kr 30,40","kr 202,67 per kg",Økologisk Hvitløk,"Spania, 3 stk"
23,frukt-og-gront,okologisk-frukt-og-gront,"kr 25,30","kr 50,60 per kg",Økologisk Gul Løk,"Nederland, 500 g"
24,frukt-og-gront,okologisk-frukt-og-gront,"kr 35,50","kr 71,00 per kg",Økologisk Rødløk,"Nederland, 500 g"
25,frukt-og-gront,okologisk-frukt-og-gront,"kr 25,80","kr 143,33 per kg",Økologisk Squash,"Spania, 1 stk"
26,frukt-og-gront,okologisk-frukt-og-gront,"kr 34,80","kr 34,80 per stk",Økologisk Stangselleri,"Spania, 1 stk"
27,frukt-og-gront,okologisk-frukt-og-gront,"kr 43,50","kr 580,00 per kg",Økologisk Babyleaf Miks,"Italia, 1 stk"
28,frukt-og-gront,okologisk-frukt-og-gront,"kr 38,20","kr 382,00 per kg",Økologiske Soltørkede Tomater,100 g
29,frukt-og-gront,okologisk-frukt-og-gront,"kr 36,70","kr 36,70 per stk",Økologisk Isbergsalat,"Italia, 1 stk"
30,frukt-og-gront,okologisk-frukt-og-gront,"kr 21,70","kr 217,00 per kg",Økologisk Ingefær,"Peru, 100 g"
0,frukt-og-gront,poteter,"kr 16,80","kr 33,60 per kg",Søtpotet i Beger,"Spania, 500 g"
1,frukt-og-gront,poteter,"kr 54,40","kr 21,76 per kg",Norske poteter,"Solist/ Folva/ Fakse, 2,5 kg"
2,frukt-og-gront,poteter,"kr 65,30","kr 130,60 per kg",Økologisk Søtpotet,"Portugal, ca. 500 g"
3,frukt-og-gront,poteter,"kr 31,90","kr 31,90 per kg",Juno/Nansen,"Norge, 1 kg"
4,frukt-og-gront,poteter,"kr 54,20","kr 21,68 per kg",Juno/Nansen,"Norge, 2,5 kg"
5,frukt-og-gront,poteter,"kr 76,40","kr 30,56 per kg",Franske Gourmetpoteter,"Jazzy, Frankrike, 2,5 kg"
6,frukt-og-gront,poteter,"kr 73,40","kr 48,93 per kg",Potet Amandine,"Frankrike, 1,5 kg"
7,frukt-og-gront,poteter,"kr 66,60","kr 44,40 per kg",Økologiske Poteter Uvasket,"Hassel/Folva, Norge, 1,5 kg"
8,frukt-og-gront,poteter,"kr 111,30","kr 37,10 per kg","Poteter uten Skall, Ferdig Kokt","Danmark, 3 kg"
9,frukt-og-gront,poteter,"kr 14,90","kr 39,73 per kg",Bakepotet,"Colomba, Frankrike, 1 stk"
10,frukt-og-gront,poteter,"kr 36,40","kr 14,56 per kg","Poteter, Usorterte","Vår laveste pris, Norge, 2,5 kg"
11,frukt-og-gront,poteter,"kr 38,20","kr 76,40 per kg",Blå Kongo Delikatessepoteter,"Frankrike, 500 g"
12,frukt-og-gront,poteter,"kr 16,40","kr 27,33 per kg",Ferdigkokte Mandelpoteter,"Norge, 600 g"
13,frukt-og-gront,poteter,"kr 54,40","kr 54,40 per kg",Rattepoteter Petit,"Frankrike, 1 kg"
14,frukt-og-gront,poteter,"kr 32,90","kr 32,90 per kg",Norske poteter,"Solist/ Folva/ Fakse, 1 kg"
15,frukt-og-gront,poteter,"kr 49,75","kr 9,95 per kg",Mandelpoteter,"Norge, 5 kg"
16,frukt-og-gront,poteter,"kr 29,90","kr 42,71 per kg",Små Mandelpoteter,"Mandeline, 700 g"
0,frukt-og-gront,urter-og-spirer,"kr 24,90","kr 1245,00 per kg",Fersk Basilikum,"i Pose, Etiopia/ Kenya, 20 g"
1,frukt-og-gront,urter-og-spirer,"kr 28,20","kr 1410,00 per kg",Fersk Koriander,"i Pose, Etiopia/ Spania, 20 g"
2,frukt-og-gront,urter-og-spirer,"kr 28,20","kr 1410,00 per kg",Fersk Kruspersille,"i Beger/pose, Etiopia/ Norsk, 20 g"
3,frukt-og-gront,urter-og-spirer,"kr 19,60","kr 980,00 per kg",Fersk Gressløk,"i Pose, Etiopia, 20 g"
4,frukt-og-gront,urter-og-spirer,"kr 29,80","kr 1490,00 per kg",Fersk Bladpersille,"i Pose, Etiopia, 20 g"
5,frukt-og-gront,urter-og-spirer,"kr 28,20","kr 1410,00 per kg",Fersk Kjørvel,"i Pose, Etiopia, 20 g"
6,frukt-og-gront,urter-og-spirer,"kr 28,20","kr 1410,00 per kg",Fersk Dill,"i Pose, Etiopia, 20 g"
7,frukt-og-gront,urter-og-spirer,"kr 28,20","kr 1410,00 per kg",Fersk Mynte,"i Pose, Etiopia, 20 g"
8,frukt-og-gront,urter-og-spirer,"kr 28,20","kr 1410,00 per kg",Fersk Oregano,"i Pose, Etiopia, 20 g"
9,frukt-og-gront,urter-og-spirer,"kr 28,20","kr 1410,00 per kg",Fersk Rosmarin,"i Pose, Etiopia, 20 g"
10,frukt-og-gront,urter-og-spirer,"kr 28,20","kr 1410,00 per kg",Fersk Salvie,"i Pose, Etiopia, 20 g"
11,frukt-og-gront,urter-og-spirer,"kr 28,20","kr 1410,00 per kg",Fersk Sitronmelisse,"i Pose, Etiopia, 20 g"
12,frukt-og-gront,urter-og-spirer,"kr 28,20","kr 1410,00 per kg",Fersk Timian,"i Pose, Etiopia, 20 g"
13,frukt-og-gront,urter-og-spirer,"kr 24,80","kr 248,00 per kg",Alfalfaspirer,"Norge, 100 g"
14,frukt-og-gront,urter-og-spirer,"kr 19,80","kr 110,00 per kg",Bønnespirer,"Norge, 180 g"
15,frukt-og-gront,urter-og-spirer,"kr 33,40","kr 668,00 per kg",Sukkerertspirer,"Norge, 50 g"
16,frukt-og-gront,urter-og-spirer,"kr 28,20","kr 1410,00 per kg",Fersk Estragon,"i Pose, Etiopia, 20 g"
17,frukt-og-gront,urter-og-spirer,"kr 28,20","kr 1410,00 per kg",Thai Basilikum Gourmet,"Frisk i Pose, Etiopia, 20 g"
18,frukt-og-gront,urter-og-spirer,"kr 33,30","kr 666,00 per kg",Purreløkspirer,"Norge, 50 g"
19,frukt-og-gront,urter-og-spirer,"kr 35,80","kr 358,00 per kg","Spiresnacks, Mix av Bønner, Erter & Linser","Norge, 100 g"
20,frukt-og-gront,urter-og-spirer,"kr 32,40","kr 648,00 per kg","Spiremix, Spicymix av Brocolli, Reddik, Kløver","Norge, 50 g"
21,frukt-og-gront,urter-og-spirer,"kr 30,00","kr 600,00 per kg","Taco spiremix -Brokolli, Kløver, Mungbønner","Norge, 50 g"
22,frukt-og-gront,urter-og-spirer,"kr 30,00","kr 600,00 per kg",Kløverspirer beger,"Norge, 50 g"
23,frukt-og-gront,urter-og-spirer,"kr 33,30","kr 666,00 per kg",Brokkolispirer,"Norge, 50 g"
24,frukt-og-gront,urter-og-spirer,"kr 24,80","kr 496,00 per kg",Reddikspirer,"Norge, 50 g"
0,frukt-og-gront,fro-notter-og-torket-frukt,"kr 36,20","kr 36,20 per stk",Gresskarkjerner,"Økologisk, 300 g"
1,frukt-og-gront,fro-notter-og-torket-frukt,"kr 42,90","kr 122,57 per kg",Chiafrø,"Økologisk, 350 g"
2,frukt-og-gront,fro-notter-og-torket-frukt,"kr 21,30","kr 60,86 per kg",Linfrø,"Økologisk, 350 g"
3,frukt-og-gront,fro-notter-og-torket-frukt,"kr 59,80","kr 373,75 per kg",Brente Mandler,160 g
4,frukt-og-gront,fro-notter-og-torket-frukt,"kr 51,80","kr 345,33 per kg",Svisker,"Økologisk, 150 g"
5,frukt-og-gront,fro-notter-og-torket-frukt,"kr 43,70","kr 218,50 per kg",Ferske dadler,"Israel, 200 g"
6,frukt-og-gront,fro-notter-og-torket-frukt,"kr 10,00","kr 166,67 per kg",Nøtte- og Fruktmix,60 g
7,frukt-og-gront,fro-notter-og-torket-frukt,"kr 12,80","kr 232,73 per kg",Cashewnøtter,55 g
8,frukt-og-gront,fro-notter-og-torket-frukt,"kr 44,80","kr 358,40 per kg",Polly Ovnsristede Mandler,"Småsulten, 125 g"
9,frukt-og-gront,fro-notter-og-torket-frukt,"kr 53,40","kr 152,57 per kg",Nøtti Frutti,"Uten Salt, 350 g"
10,frukt-og-gront,fro-notter-og-torket-frukt,"kr 9,90","kr 56,57 per kg",Gløggmix,175 g
11,frukt-og-gront,fro-notter-og-torket-frukt,"kr 77,80","kr 288,15 per kg",Spesial Med Havsalt,270 g
12,frukt-og-gront,fro-notter-og-torket-frukt,"kr 31,90","kr 96,67 per kg",Polly Peanøtter,330 g
13,frukt-og-gront,fro-notter-og-torket-frukt,"kr 42,40","kr 530,00 per kg",Yoghurtnøtter,80 g
14,frukt-og-gront,fro-notter-og-torket-frukt,"kr 70,80","kr 442,50 per kg",Cashew Mosambik,160 g
15,frukt-og-gront,fro-notter-og-torket-frukt,"kr 56,80","kr 378,67 per kg",Mango Tørket,150 g
16,frukt-og-gront,fro-notter-og-torket-frukt,"kr 69,40","kr 365,26 per kg",Aprikos Tørket,190 g
17,frukt-og-gront,fro-notter-og-torket-frukt,"kr 20,60","kr 82,40 per kg",Rosiner,250 g
18,frukt-og-gront,fro-notter-og-torket-frukt,"kr 28,60","kr 113,49 per kg",Rosiner,"6 x 42g, 252 g"
19,frukt-og-gront,fro-notter-og-torket-frukt,"kr 40,60","kr 81,20 per kg",Rosiner,500 g
20,frukt-og-gront,fro-notter-og-torket-frukt,"kr 51,40","kr 128,50 per kg",Svisker,400 g
21,frukt-og-gront,fro-notter-og-torket-frukt,"kr 22,40","kr 373,33 per kg",Småsulten Nøttemiks,60 g
22,frukt-og-gront,fro-notter-og-torket-frukt,"kr 38,20","kr 63,67 per kg",Nøtte- & Fruktmix,600 g
23,frukt-og-gront,fro-notter-og-torket-frukt,"kr 18,60","kr 67,64 per kg",Peanøtter,275 g
24,frukt-og-gront,fro-notter-og-torket-frukt,"kr 39,00","kr 222,86 per kg",Cashewnøtter,175 g
25,frukt-og-gront,fro-notter-og-torket-frukt,"kr 26,00","kr 148,57 per kg",Chilinøtter,175 g
26,frukt-og-gront,fro-notter-og-torket-frukt,"kr 43,20","kr 246,86 per kg",Pistasjnøtter,175 g
27,frukt-og-gront,fro-notter-og-torket-frukt,"kr 24,40","kr 97,60 per kg",Tørkede Aprikoser,250 g
28,frukt-og-gront,fro-notter-og-torket-frukt,"kr 35,50","kr 142,00 per kg",Hasselnøttkjerner,250 g
29,frukt-og-gront,fro-notter-og-torket-frukt,"kr 48,80","kr 244,00 per kg",Valnøttkjerner,200 g
30,frukt-og-gront,fro-notter-og-torket-frukt,"kr 74,00","kr 227,69 per kg",Gresskarkjerner,325 g
31,frukt-og-gront,fro-notter-og-torket-frukt,"kr 24,20","kr 242,00 per kg",Kokosflak,"Økologisk, 100 g"
32,frukt-og-gront,fro-notter-og-torket-frukt,"kr 71,00","kr 473,33 per kg",Cashewnøtter Økologisk,"Usaltet, 150 g"
33,frukt-og-gront,fro-notter-og-torket-frukt,"kr 35,60","kr 101,71 per kg",Linfrø Knuste,350 g
34,frukt-og-gront,fro-notter-og-torket-frukt,"kr 36,00","kr 240,00 per kg",Dadler,150 g
35,frukt-og-gront,fro-notter-og-torket-frukt,"kr 28,40","kr 28,40 per kg",Solsikkefrø,1 kg
36,frukt-og-gront,fro-notter-og-torket-frukt,"kr 9,90","kr 39,60 per kg",Kokosmasse,250 g
37,frukt-og-gront,fro-notter-og-torket-frukt,"kr 19,90","kr 79,60 per kg",Mandler,250 g
38,frukt-og-gront,fro-notter-og-torket-frukt,"kr 12,30","kr 24,60 per kg",Tørkede Erter Gule,500 g
39,frukt-og-gront,fro-notter-og-torket-frukt,"kr 12,30","kr 24,60 per kg",Tørkede Erter Grønne,500 g
40,frukt-og-gront,fro-notter-og-torket-frukt,"kr 44,20","kr 170,00 per kg",Tørket Tranebær,260 g
41,frukt-og-gront,fro-notter-og-torket-frukt,"kr 32,80","kr 109,33 per kg",Peanøtter,"Røstet & Saltet, 300 g"
42,frukt-og-gront,fro-notter-og-torket-frukt,"kr 79,60","kr 530,67 per kg",Hasselnøtter,"Økologisk, 150 g"
43,frukt-og-gront,fro-notter-og-torket-frukt,"kr 27,90","kr 111,60 per kg",Økologiske Rosiner,250 g
44,frukt-og-gront,fro-notter-og-torket-frukt,"kr 44,90","kr 172,69 per kg",Turmiks,"Nøtter & Sjokolade, 260 g"
45,frukt-og-gront,fro-notter-og-torket-frukt,"kr 120,10","kr 136,48 per kg",Polly Peanøtter,880 g
46,frukt-og-gront,fro-notter-og-torket-frukt,"kr 26,40","kr 160,00 per kg",Polly Peanøtter,165 g
47,frukt-og-gront,fro-notter-og-torket-frukt,"kr 20,90","kr 348,33 per kg",Småsulten Nøtter & Bær,60 g
48,frukt-og-gront,fro-notter-og-torket-frukt,"kr 20,60","kr 343,33 per kg",Småsulten Nøtter & Frukt,60 g
49,frukt-og-gront,fro-notter-og-torket-frukt,"kr 17,90","kr 78,85 per kg",Svisker,"Prima, 227 g"
50,frukt-og-gront,fro-notter-og-torket-frukt,"kr 55,40","kr 369,33 per kg",Aprikoser,"Økologisk, 150 g"
51,frukt-og-gront,fro-notter-og-torket-frukt,"kr 55,40","kr 291,58 per kg",Blansjerte Hasselnøtter,"Usaltet, 190 g"
52,frukt-og-gront,fro-notter-og-torket-frukt,"kr 255,20","kr 255,20 per kg",Cashewnøtter,"Saltet, 1 kg"
53,frukt-og-gront,fro-notter-og-torket-frukt,"kr 221,80","kr 221,80 per kg",Cashewnøtter,"Usaltet, 1 kg"
54,frukt-og-gront,fro-notter-og-torket-frukt,"kr 55,40","kr 291,58 per kg",Cashewnøtter,"Rå, Usaltet, 190 g"
55,frukt-og-gront,fro-notter-og-torket-frukt,"kr 98,40","kr 98,40 per kg",Chilinøtter,1 kg
56,frukt-og-gront,fro-notter-og-torket-frukt,"kr 55,40","kr 110,80 per kg",Hvit Quinoa,500 g
57,frukt-og-gront,fro-notter-og-torket-frukt,"kr 27,70","kr 55,40 per kg",Linfrø,500 g
58,frukt-og-gront,fro-notter-og-torket-frukt,"kr 12,80","kr 256,00 per kg",Mandler,"Saltet Og Ristet, 50 g"
59,frukt-og-gront,fro-notter-og-torket-frukt,"kr 61,10","kr 555,45 per kg",Mango,"Økologisk, 110 g"
60,frukt-og-gront,fro-notter-og-torket-frukt,"kr 54,30","kr 362,00 per kg",Tranebær,"Økologisk, 150 g"
61,frukt-og-gront,fro-notter-og-torket-frukt,"kr 27,90","kr 139,50 per kg",Røstede Peanøtter og Mandler,"Pepper & Balsamico, 200 g"
62,frukt-og-gront,fro-notter-og-torket-frukt,"kr 41,10","kr 74,73 per kg",Økologisk Basmatiris,550 g
63,frukt-og-gront,fro-notter-og-torket-frukt,"kr 33,10","kr 82,75 per kg",Økologisk Bokhvete,400 g
64,frukt-og-gront,fro-notter-og-torket-frukt,"kr 41,10","kr 137,00 per kg",Økologisk Bulgur,300 g
65,frukt-og-gront,fro-notter-og-torket-frukt,"kr 55,40","kr 426,15 per kg",Økologiske Cashewnøtter,"Rå, Usaltet, 130 g"
0,frukt-og-gront,hermetisert-frukt-og-gront,"kr 44,70","kr 37,25 per kg",Finhakkede Tomater,"3 x 400g, 1200 g"
1,frukt-og-gront,hermetisert-frukt-og-gront,"kr 15,00","kr 37,50 per kg",Grovhakkede Tomater,400 g
2,frukt-og-gront,hermetisert-frukt-og-gront,"kr 15,90","kr 39,75 per kg",Finhakkede Tomater,400 g
3,frukt-og-gront,hermetisert-frukt-og-gront,"kr 22,00","kr 55,00 per kg",Hele Tomater,400 g
4,frukt-og-gront,hermetisert-frukt-og-gront,"kr 21,00","kr 52,50 per kg",Cherry Tomater,400 g
5,frukt-og-gront,hermetisert-frukt-og-gront,"kr 34,60","kr 49,43 per kg",Petti Passata Il Delicato,700 g
6,frukt-og-gront,hermetisert-frukt-og-gront,"kr 20,70","kr 59,14 per kg",Petti Passata Il Delicato,350 g
7,frukt-og-gront,hermetisert-frukt-og-gront,"kr 44,40","kr 65,29 per kg",Tomat Passata,"Økologisk, 680 g"
8,frukt-og-gront,hermetisert-frukt-og-gront,"kr 12,90","kr 33,08 per kg",Hakkede Tomater Med Basilikum,390 g
9,frukt-og-gront,hermetisert-frukt-og-gront,"kr 12,90","kr 33,08 per kg",Hakkede Tomater Med Hvitløk,390 g
10,frukt-og-gront,hermetisert-frukt-og-gront,"kr 16,10","kr 41,28 per kg",Hakkede Tomater Med Chilli,390 g
11,frukt-og-gront,hermetisert-frukt-og-gront,"kr 12,80","kr 32,82 per kg",Passata Tomater,390 g
12,frukt-og-gront,hermetisert-frukt-og-gront,"kr 12,70","kr 32,56 per kg",Tomater Hakkede,"Økologisk, 390 g"
13,frukt-og-gront,hermetisert-frukt-og-gront,"kr 11,20","kr 28,00 per kg",Tomater Grovhakkede,400 g
14,frukt-og-gront,hermetisert-frukt-og-gront,"kr 10,40","kr 26,00 per kg",Tomater Skinnfrie,400 g
15,frukt-og-gront,hermetisert-frukt-og-gront,"kr 12,50","kr 31,25 per kg",Polpa Tomater Knuste,400 g
16,frukt-og-gront,hermetisert-frukt-og-gront,"kr 19,20","kr 48,00 per kg",Cherrytomater,400 g
17,frukt-og-gront,hermetisert-frukt-og-gront,"kr 25,80","kr 64,50 per kg",Tomater Hele,400 g
18,frukt-og-gront,hermetisert-frukt-og-gront,"kr 21,70","kr 54,25 per kg",Hakkede Tomater,"Økologisk, 400 g"
19,frukt-og-gront,hermetisert-frukt-og-gront,"kr 18,80","kr 48,21 per kg",Hakkede Tomater Naturell,390 g
20,frukt-og-gront,hermetisert-frukt-og-gront,"kr 19,80","kr 50,77 per kg",Hakkede Tomater Urter,390 g
21,frukt-og-gront,hermetisert-frukt-og-gront,"kr 8,40","kr 60,00 per kg",Tomatpuré,140 g
22,frukt-og-gront,hermetisert-frukt-og-gront,"kr 24,60","kr 123,00 per kg",Tomatpuré,"Økologisk, 200 g"
23,frukt-og-gront,hermetisert-frukt-og-gront,"kr 6,70","kr 37,22 per kg",Tomatpuré,180 g
24,frukt-og-gront,hermetisert-frukt-og-gront,"kr 31,80","kr 66,25 per kg",Mais,"3x160g, 480 g"
25,frukt-og-gront,hermetisert-frukt-og-gront,"kr 31,80","kr 99,38 per kg",Mais Økologisk,"2x160g, 320 g"
26,frukt-og-gront,hermetisert-frukt-og-gront,"kr 12,00","kr 35,29 per kg",Maiskorn,340 g
27,frukt-og-gront,hermetisert-frukt-og-gront,"kr 31,80","kr 99,38 per kg",Green Giant Kids,"2 x 160 gr, 320 g"
28,frukt-og-gront,hermetisert-frukt-og-gront,"kr 21,40","kr 56,32 per kg",Maiskorn,"Økologisk, 380 g"
29,frukt-og-gront,hermetisert-frukt-og-gront,"kr 20,00","kr 33,67 per kg",Maiskorn,"3x198g, 594 g"
30,frukt-og-gront,hermetisert-frukt-og-gront,"kr 21,00","kr 51,22 per kg",Minimais,410 g
31,frukt-og-gront,hermetisert-frukt-og-gront,"kr 27,60","kr 98,57 per kg",Soltørkede Tomater,280 g
32,frukt-og-gront,hermetisert-frukt-og-gront,"kr 62,80","kr 330,53 per kg",Sushi Ingefær,190 g
33,frukt-og-gront,hermetisert-frukt-og-gront,"kr 60,30","kr 415,86 per kg",Sushi Ginger,145 g
34,frukt-og-gront,hermetisert-frukt-og-gront,"kr 65,30","kr 186,57 per kg",Kimchi,350 g
35,frukt-og-gront,hermetisert-frukt-og-gront,"kr 13,90","kr 33,90 per kg",Tørkede Erter,410 g
36,frukt-og-gront,hermetisert-frukt-og-gront,"kr 16,30","kr 39,76 per kg",Husholdningserter,410 g
37,frukt-og-gront,hermetisert-frukt-og-gront,"kr 17,70","kr 70,80 per kg",Erter & Gulrøtter,250 g
38,frukt-og-gront,hermetisert-frukt-og-gront,"kr 22,00","kr 53,66 per kg",Brekkbønner,410 g
39,frukt-og-gront,hermetisert-frukt-og-gront,"kr 17,10","kr 40,24 per kg",Bønnespirer,425 g
40,frukt-og-gront,hermetisert-frukt-og-gront,"kr 14,00","kr 77,78 per kg",Kidneybønner,"Økologisk, 180 g"
41,frukt-og-gront,hermetisert-frukt-og-gront,"kr 26,50","kr 66,25 per kg",Røde Kidneybønner,"Økologisk, 400 g"
42,frukt-og-gront,hermetisert-frukt-og-gront,"kr 13,50","kr 32,14 per kg",Kidneybønner,420 g
43,frukt-og-gront,hermetisert-frukt-og-gront,"kr 40,80","kr 94,44 per kg",Bønner Røde Kidney,432 g
44,frukt-og-gront,hermetisert-frukt-og-gront,"kr 16,60","kr 40,49 per kg",Kidneybønner i Chili,410 g
45,frukt-og-gront,hermetisert-frukt-og-gront,"kr 36,40","kr 82,92 per kg",Bønner Chili,439 g
46,frukt-og-gront,hermetisert-frukt-og-gront,"kr 33,90","kr 77,22 per kg",Kikerter Garbanzobønner,439 g
47,frukt-og-gront,hermetisert-frukt-og-gront,"kr 15,60","kr 38,05 per kg",Kikerter,410 g
48,frukt-og-gront,hermetisert-frukt-og-gront,"kr 40,00","kr 96,39 per kg",Baked Beans,415 g
49,frukt-og-gront,hermetisert-frukt-og-gront,"kr 13,40","kr 31,53 per kg",Nora Tomatbønner,425 g
50,frukt-og-gront,hermetisert-frukt-og-gront,"kr 9,70","kr 23,10 per kg",Bønner I Tomatsaus,420 g
51,frukt-og-gront,hermetisert-frukt-og-gront,"kr 26,10","kr 93,21 per kg",Hvitløk i Urter,280 g
52,frukt-og-gront,hermetisert-frukt-og-gront,"kr 25,40","kr 68,65 per kg",Sølvløk,370 g
53,frukt-og-gront,hermetisert-frukt-og-gront,"kr 41,60","kr 48,94 per kg",Agurker Skivede,850 g
54,frukt-og-gront,hermetisert-frukt-og-gront,"kr 23,90","kr 41,21 per kg",Pariseragurker,580 g
55,frukt-og-gront,hermetisert-frukt-og-gront,"kr 32,80","kr 56,55 per kg",Agurker Hele,580 g
56,frukt-og-gront,hermetisert-frukt-og-gront,"kr 27,40","kr 74,05 per kg",Agurkmiks,370 g
57,frukt-og-gront,hermetisert-frukt-og-gront,"kr 18,20","kr 34,34 per kg",Sylteagurker,530 g
58,frukt-og-gront,hermetisert-frukt-og-gront,"kr 23,80","kr 41,03 per kg",Rødbeter Skivede,580 g
59,frukt-og-gront,hermetisert-frukt-og-gront,"kr 14,00","kr 48,28 per kg",Økologiske Kikerter,290 g
60,frukt-og-gront,hermetisert-frukt-og-gront,"kr 14,00","kr 48,28 per kg",Sorte Bønner,"Økologisk, 290 g"
61,frukt-og-gront,hermetisert-frukt-og-gront,"kr 13,30","kr 45,86 per kg",Store Hvite Bønner,"Økologisk, 290 g"
62,frukt-og-gront,hermetisert-frukt-og-gront,"kr 13,30","kr 45,86 per kg",Bønnemiks,"Økologisk, 290 g"
63,frukt-og-gront,hermetisert-frukt-og-gront,"kr 14,00","kr 77,78 per kg",Røde Linser,"Økologisk, 180 g"
64,frukt-og-gront,hermetisert-frukt-og-gront,"kr 19,80","kr 52,11 per kg",Grønne Linser,380 g
65,frukt-og-gront,hermetisert-frukt-og-gront,"kr 26,30","kr 79,70 per kg",Asparges Hele,330 g
66,frukt-og-gront,hermetisert-frukt-og-gront,"kr 17,60","kr 77,53 per kg",Bambusskudd,227 g
0,frukt-og-gront,frossen-frukt-og-gront,"kr 22,30","kr 37,17 per kg",Pommes Strips,600 g
1,frukt-og-gront,frossen-frukt-og-gront,"kr 26,60","kr 59,11 per kg",Opphøgde Poteter med Grillkrydder,450 g
2,frukt-og-gront,frossen-frukt-og-gront,"kr 30,80","kr 51,33 per kg",Potetbåter Express,600 g
3,frukt-og-gront,frossen-frukt-og-gront,"kr 31,90","kr 26,58 per kg",Pommesfrites,"1,2 kg"
4,frukt-og-gront,frossen-frukt-og-gront,"kr 29,70","kr 118,80 per kg",Jordbær,"Økologisk, 250 g"
5,frukt-og-gront,frossen-frukt-og-gront,"kr 29,50","kr 118,00 per kg",Blåbær Frosne,"Økologisk, 250 g"
6,frukt-og-gront,frossen-frukt-og-gront,"kr 31,10","kr 103,67 per kg",Mangoterninger Fryst,300 g
7,frukt-og-gront,frossen-frukt-og-gront,"kr 33,20","kr 110,67 per kg",Avokadoterninger Fryst,300 g
8,frukt-og-gront,frossen-frukt-og-gront,"kr 29,90","kr 398,67 per kg",Oppkuttet Chilli,75 g
9,frukt-og-gront,frossen-frukt-og-gront,"kr 32,90","kr 329,00 per kg",Oppkuttet Hvitløk,100 g
10,frukt-og-gront,frossen-frukt-og-gront,"kr 29,90","kr 398,67 per kg",Oppkuttet Ingefær,75 g
11,frukt-og-gront,frossen-frukt-og-gront,"kr 29,90","kr 398,67 per kg",Oppkuttet Koriander,75 g
12,frukt-og-gront,frossen-frukt-og-gront,"kr 22,70","kr 56,75 per kg",Jordbær,400 g
13,frukt-og-gront,frossen-frukt-og-gront,"kr 21,80","kr 54,50 per kg",Bringebær,400 g
14,frukt-og-gront,frossen-frukt-og-gront,"kr 30,00","kr 100,00 per kg",Norske Jordbær,300 g
15,frukt-og-gront,frossen-frukt-og-gront,"kr 18,20","kr 45,50 per kg",Skogsbærblanding,400 g
16,frukt-og-gront,frossen-frukt-og-gront,"kr 30,30","kr 75,75 per kg",Blåbær,400 g
17,frukt-og-gront,frossen-frukt-og-gront,"kr 53,30","kr 66,63 per kg",Smoothie Mix,800 g
18,frukt-og-gront,frossen-frukt-og-gront,"kr 49,20","kr 61,50 per kg","Smoothiemix Mango, Ananas & Banan",800 g
19,frukt-og-gront,frossen-frukt-og-gront,"kr 27,50","kr 68,75 per kg",Smoothie,"Grønnkål & Frukt, 400 g"
20,frukt-og-gront,frossen-frukt-og-gront,"kr 68,90","kr 81,06 per kg",Wok Classic Big Pack,850 g
21,frukt-og-gront,frossen-frukt-og-gront,"kr 27,00","kr 54,00 per kg",Familiefavoritt Grovkuttet,500 g
22,frukt-og-gront,frossen-frukt-og-gront,"kr 30,80","kr 61,60 per kg",Fullkornsris & Grønnsaker,500 g
23,frukt-og-gront,frossen-frukt-og-gront,"kr 12,80","kr 36,57 per kg",Erter,350 g
24,frukt-og-gront,frossen-frukt-og-gront,"kr 12,90","kr 28,67 per kg",Hakket Spinat,450 g
25,frukt-og-gront,frossen-frukt-og-gront,"kr 18,20","kr 30,33 per kg",Rosenkål,600 g
26,frukt-og-gront,frossen-frukt-og-gront,"kr 17,20","kr 38,22 per kg",Brokkolitopper,450 g
27,frukt-og-gront,frossen-frukt-og-gront,"kr 16,00","kr 53,33 per kg",Aspargesbønner,"Fryst, 300 g"
28,frukt-og-gront,frossen-frukt-og-gront,"kr 25,10","kr 62,75 per kg",Edamame,400 g
29,frukt-og-gront,frossen-frukt-og-gront,"kr 14,10","kr 47,00 per kg",Minigulrot,300 g
30,frukt-og-gront,frossen-frukt-og-gront,"kr 26,10","kr 52,20 per kg",Selskapsblanding,500 g
31,frukt-og-gront,frossen-frukt-og-gront,"kr 17,00","kr 21,25 per kg",Amerikansk Blanding,800 g
32,frukt-og-gront,frossen-frukt-og-gront,"kr 20,80","kr 26,00 per kg",Lapskausblanding,800 g
33,frukt-og-gront,frossen-frukt-og-gront,"kr 26,70","kr 53,40 per kg",Klassisk Wokblanding,500 g
34,frukt-og-gront,frossen-frukt-og-gront,"kr 26,50","kr 35,33 per kg",Lapskausblanding Grov,750 g
35,frukt-og-gront,frossen-frukt-og-gront,"kr 36,50","kr 121,67 per kg",Mykstekt Løk,300 g
36,frukt-og-gront,frossen-frukt-og-gront,"kr 33,40","kr 133,60 per kg",Soppblanding,250 g
37,frukt-og-gront,frossen-frukt-og-gront,"kr 76,00","kr 38,00 per kg",Brokkoliblanding,2 kg
38,frukt-og-gront,frossen-frukt-og-gront,"kr 32,60","kr 65,20 per kg",Indisk-inspirert Wok,500 g
39,frukt-og-gront,frossen-frukt-og-gront,"kr 32,10","kr 64,20 per kg",Krydret Bønneblanding,500 g
40,frukt-og-gront,frossen-frukt-og-gront,"kr 37,00","kr 74,00 per kg",Thai-inspirert Wok,500 g
41,frukt-og-gront,frossen-frukt-og-gront,"kr 34,70","kr 138,80 per kg",Jalapeño Poppers,"Taste Lab, 250 g"
42,frukt-og-gront,frossen-frukt-og-gront,"kr 29,80","kr 39,73 per kg",Rotgrønnsaker Grovkuttet,750 g
43,frukt-og-gront,frossen-frukt-og-gront,"kr 33,40","kr 66,80 per kg",Søtpotet Fries,500 g
44,frukt-og-gront,frossen-frukt-og-gront,"kr 33,10","kr 110,33 per kg",Løkringer,"Taste Lab, 300 g"
45,frukt-og-gront,frossen-frukt-og-gront,"kr 27,30","kr 59,35 per kg",Røstipoteter med Ost,"Taste Lab, 460 g"
46,frukt-og-gront,frossen-frukt-og-gront,"kr 27,30","kr 218,40 per kg",Sushi Salat Wakame,125 g
47,frukt-og-gront,frossen-frukt-og-gront,"kr 100,00","kr 333,33 per kg",Frosne Multer,300 g
48,frukt-og-gront,frossen-frukt-og-gront,"kr 48,80","kr 157,42 per kg",Grønnsaks Nuggets,310 g
0,jul,ribbe-og-pinnekjott,"kr 599,00","kr 299,50 per kg",Pinnekjøtt Urøkt,2 kg
1,jul,ribbe-og-pinnekjott,"kr 429,00","kr 286,00 per kg",Pinnekjøtt Av Lam Røkt,"ca. 1,5 kg"
2,jul,ribbe-og-pinnekjott,"kr 479,00","kr 239,50 per kg",Urøkt Pinnekjøtt,ca. 2 kg
3,jul,ribbe-og-pinnekjott,"kr 599,00","kr 249,58 per kg",Røkt Kjøttfullt Pinnekjøtt av Lam,"Med Bog & Sider, ca. 2,4 kg"
4,jul,ribbe-og-pinnekjott,"kr 599,00","kr 249,58 per kg",Kjøttfullt Pinnekjøtt av Lam Urøkt,"Av Bog & Sider, ca. 2,4 kg"
5,jul,ribbe-og-pinnekjott,"kr 478,40","kr 281,41 per kg",Kjøttfullt Pinnekjøtt,"Lammesadel, ca. 1,7 kg"
6,jul,ribbe-og-pinnekjott,"kr 478,40","kr 281,41 per kg",Pinnekjøtt av Lam Urøkt,"ca. 1,7 kg"
7,jul,ribbe-og-pinnekjott,"kr 473,70","kr 278,65 per kg",Røkt Pinnekjøtt,"ca. 1,7 kg"
8,jul,ribbe-og-pinnekjott,"kr 249,00","kr 249,00 per kg",Røkt Pinnekjøtt Av Lam,1 kg
9,jul,ribbe-og-pinnekjott,"kr 249,00","kr 249,00 per kg",Urøkt Pinnekjøtt,1 kg
10,jul,ribbe-og-pinnekjott,"kr 35,80","kr 1,79 per stk",Bjørkepinner til Pinnekjøtt,20 stk
11,jul,ribbe-og-pinnekjott,"kr 699,00","kr 233,00 per kg",Økologisk Tynnribbe,"Spikkerud Gård, ca. 3 kg"
12,jul,ribbe-og-pinnekjott,"kr 499,00","kr 166,33 per kg",Fersk Tynnribbe,"Strøm-Larsen, ca. 3 kg"
13,jul,ribbe-og-pinnekjott,"kr 739,00","kr 157,23 per kg",Hellstrøms Utvalgte Fersk Tynnribbe,"ca. 4,7 kg"
14,jul,ribbe-og-pinnekjott,"kr 499,00","kr 133,07 per kg",Fersk Juleribbe,"ca. 3,75 kg"
15,jul,ribbe-og-pinnekjott,"kr 119,00","kr 238,00 per kg",Økologiske Medisterkaker,"Hov Kjøtt, 500 g"
16,jul,ribbe-og-pinnekjott,"kr 79,90","kr 159,80 per kg",Medisterkaker,500 g
17,jul,ribbe-og-pinnekjott,"kr 81,90","kr 102,38 per kg",Medisterkaker,800 g
18,jul,ribbe-og-pinnekjott,"kr 29,90","kr 37,38 per kg",Medisterkaker,800 g
19,jul,ribbe-og-pinnekjott,"kr 73,90","kr 184,75 per kg",Vossakorv,400 g
20,jul,ribbe-og-pinnekjott,"kr 59,90","kr 149,75 per kg",Julebratwurst,400 g
21,jul,ribbe-og-pinnekjott,"kr 37,80","kr 94,50 per kg",Julepølse Kokt,400 g
22,jul,ribbe-og-pinnekjott,"kr 35,60","kr 89,00 per kg",Røkt Julepølse,400 g
23,jul,ribbe-og-pinnekjott,"kr 14,90","kr 37,25 per kg",Julepølse Kokt,"Laveste Pris, 400 g"
24,jul,ribbe-og-pinnekjott,"kr 69,90","kr 116,50 per kg",Sosisser,600 g
25,jul,ribbe-og-pinnekjott,"kr 98,90","kr 156,98 per kg",Juletallerken,630 g
26,jul,ribbe-og-pinnekjott,"kr 39,80","kr 159,20 per kg",Ribbefett Snabb,250 g
0,jul,lutefisk-og-rokelaks,"kr 179,00","kr 132,59 per kg",Lutefisk Hel Side,"ca. 1,35 kg"
1,jul,lutefisk-og-rokelaks,"kr 129,00","kr 80,63 per kg",Lutefisk Helesider,"Vår Laveste Pris, ca. 1,6 kg"
2,jul,lutefisk-og-rokelaks,"kr 48,30","kr 193,20 per kg",Bacon i Terninger,"Lutefiskbacon, 250 g"
3,jul,lutefisk-og-rokelaks,"kr 49,80","kr 199,20 per kg",Lutefiskbacon,250 g
4,jul,lutefisk-og-rokelaks,"kr 94,90","kr 379,60 per kg",Røkt Laks i Skiver,250 g
5,jul,lutefisk-og-rokelaks,"kr 49,80","kr 498,00 per kg",Gravet Laks i Skiver,100 g
6,jul,lutefisk-og-rokelaks,"kr 94,70","kr 473,50 per kg",Røkt Ørret i Skiver,200 g
7,jul,lutefisk-og-rokelaks,"kr 61,90","kr 515,83 per kg",Røkt Laks i Skiver,120 g
8,jul,lutefisk-og-rokelaks,"kr 389,00","kr 277,86 per kg",Røkt Laks,"Hel Side, ca. 1,4 kg"
9,jul,lutefisk-og-rokelaks,"kr 299,80","kr 299,80 per kg",Varmrøkt Pepperlaks,"Hel Side, ca. 1 kg"
10,jul,lutefisk-og-rokelaks,"kr 85,70","kr 306,07 per kg",Varmrøkt Pepperlaks,ca. 280 g
11,jul,lutefisk-og-rokelaks,"kr 115,70","kr 413,21 per kg",Sweet-Chili Laks i Bit,ca. 280 g
12,jul,lutefisk-og-rokelaks,"kr 139,00","kr 556,00 per kg",Røyksteamet Gravet Laks,250 g
13,jul,lutefisk-og-rokelaks,"kr 175,90","kr 351,80 per kg",Røkt Laks i Skiver,500 g
14,jul,lutefisk-og-rokelaks,"kr 98,90","kr 659,33 per kg",SALMA Kaldrøkt laks,150 g
15,jul,lutefisk-og-rokelaks,"kr 38,90","kr 389,00 per kg",Røkt Laks Skivet,100 g
16,jul,lutefisk-og-rokelaks,"kr 48,80","kr 488,00 per kg",Einerrøkt Laks Skivet,100 g
17,jul,lutefisk-og-rokelaks,"kr 118,90","kr 457,31 per kg",Einerrøkt Laks Skivet,260 g
18,jul,lutefisk-og-rokelaks,"kr 217,50","kr 197,73 per kg",Røkt Laks Hel Side,"Vår Laveste Pris, ca. 1,1 kg"
19,jul,lutefisk-og-rokelaks,"kr 39,90","kr 99,75 per kg",Prima Lutefiskbacon,400 g
0,jul,julens-middagstilbehor,"kr 32,80","kr 56,55 per kg",Agurker Hele,580 g
1,jul,julens-middagstilbehor,"kr 23,90","kr 41,21 per kg",Pariseragurker,580 g
2,jul,julens-middagstilbehor,"kr 41,60","kr 48,94 per kg",Agurker Skivede,850 g
3,jul,julens-middagstilbehor,"kr 18,20","kr 34,34 per kg",Sylteagurker,530 g
4,jul,julens-middagstilbehor,"kr 23,80","kr 41,03 per kg",Rødbeter Skivede,580 g
5,jul,julens-middagstilbehor,"kr 24,20","kr 361,19 per kg",Kanel Malt,67 g
6,jul,julens-middagstilbehor,"kr 12,20","kr 1220,00 per kg",Kanel,"Hel, 10 g"
7,jul,julens-middagstilbehor,"kr 11,70","kr 688,24 per kg",Kanel,"Malt, 17 g"
8,jul,julens-middagstilbehor,"kr 15,00","kr 1000,00 per kg",Nellik Hel,15 g
9,jul,julens-middagstilbehor,"kr 10,70","kr 1070,00 per kg",Nellik Malt,10 g
10,jul,julens-middagstilbehor,"kr 12,40","kr 1240,00 per kg",Muskatnøtt,"Malt, 10 g"
11,jul,julens-middagstilbehor,"kr 16,20","kr 1350,00 per kg",Muskatnøtt,"Hel, 12 g"
12,jul,julens-middagstilbehor,"kr 14,30","kr 953,33 per kg",Stjerneanis,15 g
13,jul,julens-middagstilbehor,"kr 10,00","kr 212,77 per kg",Brun Saus med Løk,47 g
14,jul,julens-middagstilbehor,"kr 10,20","kr 231,82 per kg",Brun saus uten løk,44 g
15,jul,julens-middagstilbehor,"kr 13,50","kr 270,00 per kg",Fløtesaus,50 g
16,jul,julens-middagstilbehor,"kr 10,30","kr 686,67 per kg",Sjysaus,15 g
17,jul,julens-middagstilbehor,"kr 28,40","kr 170,06 per kg",Ertestuing Original,167 g
18,jul,julens-middagstilbehor,"kr 23,60","kr 143,90 per kg",Ertestuing Snarkokt,164 g
19,jul,julens-middagstilbehor,"kr 35,00","kr 411,76 per kg",Kålrabistappe,85 g
20,jul,julens-middagstilbehor,"kr 13,90","kr 27,80 per kg","Rotmos, Ferdig til oppvarming","Norge, 500 g"
21,jul,julens-middagstilbehor,"kr 36,60","kr 70,38 per kg",Flatbrød,"Mors Hjemmebakte, 520 g"
22,jul,julens-middagstilbehor,"kr 39,60","kr 208,42 per kg",Røros-Flatbrød med Tyttebær,190 g
23,jul,julens-middagstilbehor,"kr 35,40","kr 186,32 per kg",Røros-Flatbrød Økologisk,190 g
24,jul,julens-middagstilbehor,"kr 17,30","kr 57,67 per kg",Flatbrød,300 g
25,jul,julens-middagstilbehor,"kr 29,80","kr 149,00 per kg",Crisp Erterflatbrød,200 g
26,jul,julens-middagstilbehor,"kr 6,60","kr 14,67 per kg",Surkål,450 g
27,jul,julens-middagstilbehor,"kr 15,80","kr 35,11 per kg",Parisersurkål Hjemmelaget,450 g
28,jul,julens-middagstilbehor,"kr 4,90","kr 10,89 per kg",Surkål,450 g
29,jul,julens-middagstilbehor,"kr 17,40","kr 38,67 per kg",Rødkål,450 g
30,jul,julens-middagstilbehor,"kr 4,90","kr 10,89 per kg",Rødkål,450 g
31,jul,julens-middagstilbehor,"kr 18,60","kr 67,64 per kg",Grov Sennep,275 g
32,jul,julens-middagstilbehor,"kr 14,90","kr 39,21 per kg",Dijon Sennep,380 g
33,jul,julens-middagstilbehor,"kr 46,80","kr 203,48 per kg",Honey Dijon Sennep,230 g
34,jul,julens-middagstilbehor,"kr 49,80","kr 237,14 per kg",Whole Grain Sennep,210 g
35,jul,julens-middagstilbehor,"kr 54,50","kr 90,83 per kg",Sennepsild,600 g
36,jul,julens-middagstilbehor,"kr 58,90","kr 130,89 per kg",Gyllensten Sterk Sennep,450 g
37,jul,julens-middagstilbehor,"kr 41,80","kr 104,50 per kg",Tyttebærsyltetøy Hjemmelaget,400 g
38,jul,julens-middagstilbehor,"kr 34,90","kr 174,50 per kg",Rørte Tyttebær Gourmet,200 g
39,jul,julens-middagstilbehor,"kr 53,80","kr 89,67 per kg",Tyttebærsyltetøy,600 g
40,jul,julens-middagstilbehor,"kr 35,80","kr 35,80 per kg",Tyttebærsyltetøy,1 kg
41,jul,julens-middagstilbehor,"kr 29,90","kr 74,75 per kg",Julewaldorfsalat,400 g
42,jul,julens-middagstilbehor,"kr 35,80","kr 1,79 per stk",Bjørkepinner til Pinnekjøtt,20 stk
43,jul,julens-middagstilbehor,"kr 17,40","kr 34,80 per kg",Ferdigkokt Ertestuing,500 g
44,jul,julens-middagstilbehor,"kr 20,00","kr 90,91 per l",Ferdiglaget Ribbesaus,220 ml
45,jul,julens-middagstilbehor,"kr 42,90","kr 107,25 per kg",Julepølse,1 stk
46,jul,julens-middagstilbehor,"kr 29,90","kr 85,43 per kg",Vossakorv,350 g
47,jul,julens-middagstilbehor,"kr 48,30","kr 193,20 per kg",Bacon i Terninger,"Lutefiskbacon, 250 g"
0,jul,julens-grot,"kr 34,70","kr 35,77 per kg",Risgrøt,970 g
1,jul,julens-grot,"kr 21,20","kr 46,09 per kg",Risgrøt,460 g
2,jul,julens-grot,"kr 35,80","kr 92,99 per kg",Risgrøt Velbekomme,385 g
3,jul,julens-grot,"kr 30,90","kr 77,25 per kg",Laktosefri Risgrøt,400 g
4,jul,julens-grot,"kr 38,80","kr 100,78 per kg",Laktosefri Risgrøt,385 g
5,jul,julens-grot,"kr 21,80","kr 117,20 per kg",Rømmegrøt,186 g
6,jul,julens-grot,"kr 24,80","kr 167,57 per kg",Risengrøt,"Snarkokt, 148 g"
7,jul,julens-grot,"kr 31,60","kr 39,50 per kg",Grøtris,"Familiepakning, 800 g"
8,jul,julens-grot,"kr 24,90","kr 71,14 per kg",Rømmegrøt,350 g
9,jul,julens-grot,"kr 51,60","kr 64,50 per kg",Rømmegrøt,800 g
10,jul,julens-grot,"kr 12,90","kr 16,13 per kg",Risgrøt,800 g
11,jul,julens-grot,"kr 27,50","kr 30,56 per kg",Risengrynsgraut,900 g
0,jul,sylte-ribberull-og-annet-palegg,"kr 249,00","kr 249,00 per kg",Hel  Rund Julesylte,ca. 1 kg
1,jul,sylte-ribberull-og-annet-palegg,"kr 134,90","kr 269,80 per kg",Julesylte,"Halv, 500 g"
2,jul,sylte-ribberull-og-annet-palegg,"kr 29,10","kr 291,00 per kg",Sylte Skivet,100 g
3,jul,sylte-ribberull-og-annet-palegg,"kr 99,00","kr 247,50 per kg",Halv Julesylte,400 g
4,jul,sylte-ribberull-og-annet-palegg,"kr 109,00","kr 242,22 per kg",Prima Halv Julesylte,"vår laveste pris, 450 g"
5,jul,sylte-ribberull-og-annet-palegg,"kr 69,90","kr 349,50 per kg",Oppskåret Sylte,200 g
6,jul,sylte-ribberull-og-annet-palegg,"kr 34,90","kr 349,00 per kg",Håndlagt sylte,"i Skiver, 100 g"
7,jul,sylte-ribberull-og-annet-palegg,"kr 31,60","kr 316,00 per kg",Sylte Oppskåret,100 g
8,jul,sylte-ribberull-og-annet-palegg,"kr 50,00","kr 250,00 per kg",Lefsesylte,"Tykke skiver, 200 g"
9,jul,sylte-ribberull-og-annet-palegg,"kr 49,90","kr 146,76 per kg",Annas Mandelpotetlefser,"4 stk, 340 g"
10,jul,sylte-ribberull-og-annet-palegg,"kr 91,60","kr 458,00 per kg",Vikingskinke i Skiver,200 g
11,jul,sylte-ribberull-og-annet-palegg,"kr 91,60","kr 458,00 per kg",Kalkunskinke Skivet,200 g
12,jul,sylte-ribberull-og-annet-palegg,"kr 99,00","kr 495,00 per kg",Økologisk Provenceskinke Skivet,200 g
13,jul,sylte-ribberull-og-annet-palegg,"kr 131,50","kr 657,50 per kg",Fenalår,200 g
14,jul,sylte-ribberull-og-annet-palegg,"kr 100,90","kr 504,50 per kg",Røkt Skinke,200 g
15,jul,sylte-ribberull-og-annet-palegg,"kr 89,00","kr 445,00 per kg",Oppskåret Lammerull,200 g
16,jul,sylte-ribberull-og-annet-palegg,"kr 69,90","kr 349,50 per kg",Mortadella i Skiver,200 g
17,jul,sylte-ribberull-og-annet-palegg,"kr 105,60","kr 528,00 per kg",Salami Skivet,200 g
18,jul,sylte-ribberull-og-annet-palegg,"kr 119,00","kr 595,00 per kg",Spekeskinke,"I Skiver, 200 g"
19,jul,sylte-ribberull-og-annet-palegg,"kr 50,40","kr 504,00 per kg",Tungerull Oppskåret,100 g
20,jul,sylte-ribberull-og-annet-palegg,"kr 41,80","kr 418,00 per kg",Lammerull Skivet,100 g
21,jul,sylte-ribberull-og-annet-palegg,"kr 30,40","kr 304,00 per kg",Kokt Tunge Skivet,100 g
22,jul,sylte-ribberull-og-annet-palegg,"kr 33,60","kr 181,62 per kg",Julepostei Med Bacon,185 g
23,jul,sylte-ribberull-og-annet-palegg,"kr 33,80","kr 96,57 per kg",Julepostei Ekte Ovnsbakt,350 g
24,jul,sylte-ribberull-og-annet-palegg,"kr 37,40","kr 138,52 per kg",Appetittsild,270 g
25,jul,sylte-ribberull-og-annet-palegg,"kr 49,80","kr 83,00 per kg",Skutesild,600 g
26,jul,sylte-ribberull-og-annet-palegg,"kr 39,90","kr 249,38 per kg",Julesild,160 g
27,jul,sylte-ribberull-og-annet-palegg,"kr 53,90","kr 89,83 per kg",Utsirasild,600 g
28,jul,sylte-ribberull-og-annet-palegg,"kr 50,80","kr 84,67 per kg",Gjestgiversild,600 g
29,jul,sylte-ribberull-og-annet-palegg,"kr 47,40","kr 124,74 per kg",Peppersild,380 g
30,jul,sylte-ribberull-og-annet-palegg,"kr 54,50","kr 90,83 per kg",Sennepsild,600 g
31,jul,sylte-ribberull-og-annet-palegg,"kr 41,20","kr 108,42 per kg",Tomatsild,380 g
32,jul,sylte-ribberull-og-annet-palegg,"kr 52,50","kr 55,85 per kg",Sursild,940 g
33,jul,sylte-ribberull-og-annet-palegg,"kr 21,10","kr 21,10 per kg",Sursild,1 kg
34,jul,sylte-ribberull-og-annet-palegg,"kr 30,60","kr 87,43 per kg",Julerødbetsalat,350 g
35,jul,sylte-ribberull-og-annet-palegg,"kr 20,80","kr 59,43 per kg",Waldorfsalat,350 g
36,jul,sylte-ribberull-og-annet-palegg,"kr 29,90","kr 74,75 per kg",Julerødbetsalat,400 g
37,jul,sylte-ribberull-og-annet-palegg,"kr 23,80","kr 41,03 per kg",Rødbeter Skivede,580 g
38,jul,sylte-ribberull-og-annet-palegg,"kr 23,90","kr 41,21 per kg",Pariseragurker,580 g
39,jul,sylte-ribberull-og-annet-palegg,"kr 54,80","kr 54,80 per stk",Krydret Julebrunost,500 g
40,jul,sylte-ribberull-og-annet-palegg,"kr 79,00","kr 92,94 per kg",Edamer,850 g
41,jul,sylte-ribberull-og-annet-palegg,"kr 148,90","kr 175,18 per kg",Edamer Vellagret,850 g
42,jul,sylte-ribberull-og-annet-palegg,"kr 26,80","kr 487,27 per kg",Makalös Ansjosfileter,55 g
43,jul,sylte-ribberull-og-annet-palegg,"kr 109,00","kr 109,00 per kg",Kokt Juleskinke,"Vår Laveste Pris, ca. 1 kg"
0,jul,pepperkaker-og-andre-julekaker,"kr 30,20","kr 31,79 per kg",Pepperkakedeig,950 g
1,jul,pepperkaker-og-andre-julekaker,"kr 9,90","kr 33,00 per kg",Pepperkaker,300 g
2,jul,pepperkaker-og-andre-julekaker,"kr 62,30","kr 166,13 per kg",Figurbakte Pepperkaker,375 g
3,jul,pepperkaker-og-andre-julekaker,"kr 76,70","kr 170,44 per kg",Sætres Beste Pepperkaker,450 g
4,jul,pepperkaker-og-andre-julekaker,"kr 41,40","kr 110,40 per kg",Bertil Pepperkaker,375 g
5,jul,pepperkaker-og-andre-julekaker,"kr 59,90","kr 99,83 per kg",Nybakt Julekake,600 g
6,jul,pepperkaker-og-andre-julekaker,"kr 79,90","kr 133,17 per kg",Nybakt Julebrioche,600 g
7,jul,pepperkaker-og-andre-julekaker,"kr 178,60","kr 297,67 per kg",Åmli 5 Sorter Julekaker,600 g
8,jul,pepperkaker-og-andre-julekaker,"kr 39,90","kr 133,00 per kg",Sjokoladehavreflarn,300 g
9,jul,pepperkaker-og-andre-julekaker,"kr 42,80","kr 142,67 per kg",Havreflarn,300 g
10,jul,pepperkaker-og-andre-julekaker,"kr 39,90","kr 114,00 per kg",Kokostopper med Sjokolade,350 g
11,jul,pepperkaker-og-andre-julekaker,"kr 38,80","kr 107,78 per kg",Kokostopper,360 g
12,jul,pepperkaker-og-andre-julekaker,"kr 39,90","kr 145,09 per kg",Berlinerkranser,275 g
13,jul,pepperkaker-og-andre-julekaker,"kr 41,40","kr 138,00 per kg",Serinakaker,300 g
14,jul,pepperkaker-og-andre-julekaker,"kr 41,40","kr 138,00 per kg",Sirupsnipper,300 g
15,jul,pepperkaker-og-andre-julekaker,"kr 39,90","kr 63,33 per kg",Smultringer i Boks,"18 stk, 630 g"
16,jul,pepperkaker-og-andre-julekaker,"kr 59,80","kr 249,17 per kg",Krumkaker,240 g
17,jul,pepperkaker-og-andre-julekaker,"kr 34,90","kr 232,67 per kg",Pepperkaker,"Glutenfri, 150 g"
18,jul,pepperkaker-og-andre-julekaker,"kr 99,00","kr 198,00 per kg",Glutenfri Pepperkakedeig,"Økologisk, 500 g"
19,jul,pepperkaker-og-andre-julekaker,"kr 52,20","kr 614,12 per kg",Kakepynt Christmas,"4 kammer, 85 g"
20,jul,pepperkaker-og-andre-julekaker,"kr 36,80","kr 3,07 per stk",Perler,"Golden&Shiny, 12 stk"
21,jul,pepperkaker-og-andre-julekaker,"kr 59,80","kr 786,84 per kg",Writing Icing Decor,76 g
22,jul,pepperkaker-og-andre-julekaker,"kr 65,30","kr 16325,00 per kg",Glitterspray,"Gull, 4 g"
23,jul,pepperkaker-og-andre-julekaker,"kr 34,70","kr 277,60 per kg",Pynteglasur Hvit,125 g
24,jul,pepperkaker-og-andre-julekaker,"kr 21,80","kr 1147,37 per kg",Silver Writing Gel,19 g
25,jul,pepperkaker-og-andre-julekaker,"kr 21,80","kr 1147,37 per kg",Gold Writing Gel,19 g
26,jul,pepperkaker-og-andre-julekaker,"kr 21,70","kr 1446,67 per kg",Rød Geléfarge,"Konsentrert, 15 g"
27,jul,pepperkaker-og-andre-julekaker,"kr 21,80","kr 1453,33 per kg",Blå Geléfarge,"Konsentrert, 15 g"
28,jul,pepperkaker-og-andre-julekaker,"kr 21,70","kr 1446,67 per kg",Gul Geléfarge,"Konsentrert, 15 g"
29,jul,pepperkaker-og-andre-julekaker,"kr 21,70","kr 1446,67 per kg",Grønn Geléfarge,"Konsentrert, 15 g"
30,jul,pepperkaker-og-andre-julekaker,"kr 21,70","kr 1446,67 per kg",Lilla Geléfarge,"Konsentrert, 15 g"
31,jul,pepperkaker-og-andre-julekaker,"kr 21,70","kr 1446,67 per kg",Oransje Geléfarge,"Konsentrert, 15 g"
32,jul,pepperkaker-og-andre-julekaker,"kr 19,90","kr 1326,67 per kg",Rosa Geléfarge,"Konsentrert, 15 g"
33,jul,pepperkaker-og-andre-julekaker,"kr 21,70","kr 1446,67 per kg",Sort Geléfarge,"Konsentrert, 15 g"
34,jul,pepperkaker-og-andre-julekaker,"kr 40,00","kr 1000,00 per kg",Konditorfarger,"4 x 10g, 40 g"
35,jul,pepperkaker-og-andre-julekaker,"kr 38,40","kr 738,46 per kg",Silver Pearls Chocolate,52 g
36,jul,pepperkaker-og-andre-julekaker,"kr 398,90","kr 443,22 per kg",Kransekake,"18 ringer, 900 g"
37,jul,pepperkaker-og-andre-julekaker,"kr 45,90","kr 91800,00 per kg",Safran,"0,5 g"
0,jul,marsipan-og-julegodteri,"kr 58,90","kr 409,03 per kg",Oreo Snøbiter,144 g
1,jul,marsipan-og-julegodteri,"kr 63,60","kr 329,53 per kg",Julemarsipan,193 g
2,jul,marsipan-og-julegodteri,"kr 44,40","kr 403,64 per kg",Marsipanpølser,"5 stk, 110 g"
3,jul,marsipan-og-julegodteri,"kr 88,90","kr 460,62 per kg",Stor Marsipangris i Eske,193 g
4,jul,marsipan-og-julegodteri,"kr 19,90","kr 306,15 per kg",Marsipangris uten Sjokolade,65 g
5,jul,marsipan-og-julegodteri,"kr 19,90","kr 306,15 per kg",Marsipangris med Sjokolade,65 g
6,jul,marsipan-og-julegodteri,"kr 66,60","kr 406,10 per kg",Julemix Pose,164 g
7,jul,marsipan-og-julegodteri,"kr 66,60","kr 444,00 per kg",Freia Julekuler,150 g
8,jul,marsipan-og-julegodteri,"kr 44,80","kr 235,79 per kg",Melkesjokolade med Pepperkaker,190 g
9,jul,marsipan-og-julegodteri,"kr 39,90","kr 399,00 per kg",Julenisse,100 g
10,jul,marsipan-og-julegodteri,"kr 29,60","kr 164,44 per kg",Non Stop,180 g
11,jul,marsipan-og-julegodteri,"kr 11,40","kr 300,00 per kg",Smarties Rør,38 g
12,jul,marsipan-og-julegodteri,"kr 63,60","kr 181,71 per kg",Labans Nissefest,350 g
13,jul,marsipan-og-julegodteri,"kr 49,80","kr 444,64 per kg",Snøballer,"4 stk, 112 g"
14,jul,marsipan-og-julegodteri,"kr 13,20","kr 440,00 per kg",Snømann,30 g
15,jul,marsipan-og-julegodteri,"kr 51,50","kr 281,42 per kg",Julesjokolade Karamellstjerner,183 g
16,jul,marsipan-og-julegodteri,"kr 51,50","kr 273,94 per kg",Julesjokolade Tre Nøtter,188 g
17,jul,marsipan-og-julegodteri,"kr 67,20","kr 451,01 per kg",Julegodt,149 g
18,jul,marsipan-og-julegodteri,"kr 129,00","kr 781,82 per kg",Juledragémiks Gaveeske,165 g
19,jul,marsipan-og-julegodteri,"kr 54,80","kr 685,00 per kg",Julemandler,80 g
20,jul,marsipan-og-julegodteri,"kr 54,80","kr 685,00 per kg",Julemarsipan,80 g
21,jul,marsipan-og-julegodteri,"kr 34,90","kr 436,25 per kg",Julesjokolade Pose,80 g
22,jul,marsipan-og-julegodteri,"kr 67,40","kr 168,50 per kg",Ekte Marsipan,400 g
23,jul,marsipan-og-julegodteri,"kr 179,00","kr 716,00 per kg",Marsipan Grisefar i Gaveeske,1 stk
24,jul,marsipan-og-julegodteri,"kr 129,00","kr 1032,00 per kg",Marsipangris Lillebror,"i cellofan, 1 stk"
25,jul,marsipan-og-julegodteri,"kr 299,00","kr 299,00 per kg",Marsipan Grisemor i Gaveeske,1 kg
26,jul,marsipan-og-julegodteri,"kr 149,00","kr 2292,31 per kg",Juleglede,"Håndlaget sjokolade, 6 stk"
27,jul,marsipan-og-julegodteri,"kr 257,70","kr 572,67 per kg",Kong Haakon,450 g
28,jul,marsipan-og-julegodteri,"kr 178,90","kr 470,79 per kg",Sfinx Medium Konfekt,380 g
29,jul,marsipan-og-julegodteri,"kr 99,00","kr 198,00 per kg",Gode Ønsker,500 g
30,jul,marsipan-og-julegodteri,"kr 309,00","kr 772,50 per kg",Gulleske,400 g
31,jul,marsipan-og-julegodteri,"kr 35,80","kr 179,00 per kg",After Eight,200 g
32,jul,marsipan-og-julegodteri,"kr 59,80","kr 373,75 per kg",Brente Mandler,160 g
33,jul,marsipan-og-julegodteri,"kr 61,40","kr 438,57 per kg",Kremtopper,140 g
34,jul,marsipan-og-julegodteri,"kr 59,80","kr 543,64 per kg",Mokkabønner,110 g
35,jul,marsipan-og-julegodteri,"kr 39,90","kr 166,25 per kg",Julegull Rifla Havsalt,240 g
0,jul,julebrus,"kr 113,30","kr 57,22 per l",Hamar Julebrus,"6 x 0,33l, 1,98 l"
1,jul,julebrus,"kr 113,30","kr 57,22 per l",Hamar Julebrus Lett,"6 x 0,33l, 1,98 l"
2,jul,julebrus,"kr 107,30","kr 54,19 per l",Aass Julebrus,"6 x 0,33l, 1,98 l"
3,jul,julebrus,"kr 114,50","kr 57,83 per l",Hansa Julebrus,"6 x 0,33l, 1,98 l"
4,jul,julebrus,"kr 38,80","kr 25,87 per l",Hamar Julebrus,"1,5 l"
5,jul,julebrus,"kr 23,80","kr 47,60 per l",Ringnes Julebrus,"0,5 l"
6,jul,julebrus,"kr 45,00","kr 30,00 per l",Dahls Julebrus,"1,5 l"
7,jul,julebrus,"kr 8,90","kr 5,93 per l",Julebrus X,"Uten Tilsatt Sukker, 1,5 l"
8,jul,julebrus,"kr 9,90","kr 6,60 per l",Julebrus,"1,5 l"
9,jul,julebrus,"kr 39,90","kr 120,91 per l",Egge Julebrus,"0,33 l"
0,jul,glogg-og-alkoholfri-drikke,"kr 73,40","kr 73,40 per l",Tomtegløgg,1 l
1,jul,glogg-og-alkoholfri-drikke,"kr 45,60","kr 91,20 per l",Tomtegløgg Original,500 ml
2,jul,glogg-og-alkoholfri-drikke,"kr 88,90","kr 88,90 per l",Tomtegløgg Krydder,1 l
3,jul,glogg-og-alkoholfri-drikke,"kr 46,90","kr 67,00 per l",Julegløgg,"Eple og Solbær, 0,7 l"
4,jul,glogg-og-alkoholfri-drikke,"kr 9,90","kr 56,57 per kg",Gløggmix,175 g
5,jul,glogg-og-alkoholfri-drikke,"kr 89,30","kr 45,10 per l",Santa Clausthaler,"6 x 0,33l, 1,98 l"
6,jul,glogg-og-alkoholfri-drikke,"kr 101,30","kr 51,16 per l",Aass UTEN Juleøl,"6 x 0,33l, 1,98 l"
7,jul,glogg-og-alkoholfri-drikke,"kr 47,40","kr 23,94 per l",Munkholm Juleøl,"6 x 0,33l, 1,98 l"
8,jul,glogg-og-alkoholfri-drikke,"kr 104,80","kr 139,73 per l",Freixenet Cava,"Alkoholfri, 750 ml"
0,jul,julepynt,"kr 149,90","kr 149,90 per stk",Spillende Nisse 18cm,1 stk
1,jul,julepynt,"kr 69,90","kr 69,90 per stk",Julestrømpe rød og hvit,1 stk
2,jul,julepynt,"kr 119,90","kr 119,90 per stk",Nissedrakt 5-deler,1 stk
3,jul,julepynt,"kr 99,90","kr 99,90 per stk",Toppstjerne med fjernkontroll,1 stk
4,jul,julepynt,"kr 119,90","kr 2,22 per stk",Juletrekuler,"rød-mix, 54 stk"
5,jul,julepynt,"kr 69,90","kr 69,90 per stk",Lykt i metall sort 30 cm,1 stk
0,jul,julelys-og-levende-lys,"kr 35,00","kr 35,00 per stk",Kubbelys Sølv Matt,"15x7cm, 1 stk"
1,jul,julelys-og-levende-lys,"kr 35,00","kr 35,00 per stk",Kubbelys Gull Matt,"15x7cm, 1 stk"
2,jul,julelys-og-levende-lys,"kr 51,60","kr 5,16 per stk",Kronelys Hvit,"24 cm, 10 stk"
3,jul,julelys-og-levende-lys,"kr 45,30","kr 4,53 per stk",Kronelys Champagne,"24 cm, 10 stk"
4,jul,julelys-og-levende-lys,"kr 159,90","kr 79,95 per stk",Kronelys Led,"25cm, 2-pk, 2 stk"
5,jul,julelys-og-levende-lys,"kr 32,60","kr 32,60 per stk",Kubbelys Hvit,"7x15 cm, 1 stk"
6,jul,julelys-og-levende-lys,"kr 41,10","kr 41,10 per stk",Kubbelys Champagne,"7x15 cm, 1 stk"
7,jul,julelys-og-levende-lys,"kr 41,10","kr 41,10 per stk",Kubbelys Lilla 4,"7x15 cm, 1 stk"
8,jul,julelys-og-levende-lys,"kr 24,90","kr 12,45 per stk",Fakler,2 stk
9,jul,julelys-og-levende-lys,"kr 49,90","kr 1,00 per stk",Telys 100% stearin,50 stk
10,jul,julelys-og-levende-lys,"kr 99,90","kr 99,90 per stk",Toppstjerne med fjernkontroll,1 stk
11,jul,julelys-og-levende-lys,"kr 299,90","kr 299,90 per stk",Juletrebelysning Trådløs med Fjernkontroll,"16 lys, 1 stk"
12,jul,julelys-og-levende-lys,"kr 99,90","kr 99,90 per stk",Diodeslynge 40l Varmhvit Svart,1 stk
13,jul,julelys-og-levende-lys,"kr 56,80","kr 0,57 per stk",Prima Telys,"4 timer, 100 stk"
14,jul,julelys-og-levende-lys,"kr 48,30","kr 1,61 per stk",Telys 8 Timer,30 stk
15,jul,julelys-og-levende-lys,"kr 47,40","kr 3,95 per stk",Telys Maxi,"10 Timer, 12 stk"
16,jul,julelys-og-levende-lys,"kr 34,70","kr 8,68 per stk",Telys Maxi Champagne,4 stk
0,jul,juleservietter,"kr 49,90","kr 4,16 per stk",Servietter Christmas Deco,"Duni-soft, 40x40cm, 12 stk"
1,jul,juleservietter,"kr 19,80","kr 0,99 per stk",Servietter Winter Village,"3 lag, 33x33cm, 20 stk"
2,jul,juleservietter,"kr 19,80","kr 0,99 per stk",Servietter Postcard Trees,"3 lag, 33x33cm, 20 stk"
3,jul,juleservietter,"kr 19,80","kr 0,99 per stk",Servietter Star Stories Cream,"3 lag, 33x33cm, 20 stk"
4,jul,juleservietter,"kr 27,90","kr 1,40 per stk",Servietter Ruusunen,"3 lag, 33x33cm, 20 stk"
5,jul,juleservietter,"kr 27,90","kr 1,40 per stk",Servietter Ruusunen,"3 lag, 24x24cm, 20 stk"
6,jul,juleservietter,"kr 19,80","kr 0,99 per stk",Servietter Snow Necklace White,"3 lag, 33x33cm, 20 stk"
7,jul,juleservietter,"kr 39,90","kr 39,90 per stk",Duk Snow Necklace,"Papir, 0,4x4,8 meter, 1 stk"
8,jul,juleservietter,"kr 19,80","kr 0,99 per stk",Servietter Star Stories Red,"3 lag, 33x33cm, 20 stk"
9,jul,juleservietter,"kr 39,90","kr 39,90 per stk",Duk Star Stories Red,"Papir, 0,4x4,8 meter, 1 stk"
10,jul,juleservietter,"kr 27,90","kr 1,40 per stk",Servietter Nu Är Det Jul Igen,"3 lag, 33x33cm, 20 stk"
11,jul,juleservietter,"kr 27,90","kr 1,40 per stk",Servietter Carl Larssons Brita,"3 lag, 33x33cm, 20 stk"
12,jul,juleservietter,"kr 48,70","kr 0,49 per stk",Servietter Hvite,"40 cm, 100 stk"
13,jul,juleservietter,"kr 30,70","kr 0,61 per stk",Servietter Hvit,"33 cm, 50 stk"
14,jul,juleservietter,"kr 34,50","kr 0,69 per stk",Servietter Champagne,50 stk
15,jul,juleservietter,"kr 32,60","kr 0,43 per stk",Servietter Bordpakning,"Hvit & Grå, 75 stk"
0,jul,julegaver,"kr 149,90","kr 6,25 per stk",Alkalisk Batteri AA,"24 stk, 24 stk"
1,jul,julegaver,"kr 149,90","kr 6,25 per stk",Alkalisk Batteri AAA,"24 stk, 24 stk"
2,jul,julegaver,"kr 39,90","kr 39,90 per stk",Teipdispenser M/teip,1 stk
3,jul,julegaver,"kr 699,00","kr 699,00 per stk",Gravitrax Startsett,"Årets leke i 2019, 1 stk"
4,jul,julegaver,"kr 35,20","kr 35,20 per stk",Scotch Tape Magic med Holder,"15m, 1 stk"
5,jul,julegaver,"kr 39,90","kr 19,95 per stk",Scotch Tape,2 stk
6,jul,julegaver,"kr 19,90","kr 0,80 per stk",Juleetiketter På Rull,25 stk
7,jul,julegaver,"kr 29,90","kr 2,99 per stk",Silkepapir,"5 farger, 10 stk"
8,jul,julegaver,"kr 399,90","kr 399,90 per stk",Digital  LED Strip Light,"Til innendørs bruk, 3meter, 1 stk"
9,jul,julegaver,"kr 399,90","kr 399,90 per stk",Drone X15A,1 stk
10,jul,julegaver,"kr 199,90","kr 199,90 per stk",Kasseapparat av tre,1 stk
11,jul,julegaver,"kr 299,90","kr 299,90 per stk",Traktor med dyr,1 stk
12,jul,julegaver,"kr 169,90","kr 169,90 per stk",Rubiks Kube,1 stk
13,jul,julegaver,"kr 99,90","kr 4,16 per stk",Fargeblyanter FSC,24 stk
14,jul,julegaver,"kr 499,90","kr 499,90 per stk",Trådløst headsett,"For barn, Rosa, 1 stk"
15,jul,julegaver,"kr 499,90","kr 499,90 per stk",Trådløst headsett,"For barn, Blå, 1 stk"
16,jul,julegaver,"kr 299,90","kr 299,90 per stk",Tannbørste Frozen,1 stk
17,jul,julegaver,"kr 599,00","kr 599,00 per stk",Eltannbørste Oral-b Pro 2300,1 stk
18,jul,julegaver,"kr 549,00","kr 549,00 per stk",Google Home Mini Hvit,1 stk
19,jul,julegaver,"kr 499,90","kr 499,90 per stk",Oneblade Face + Body Elektrisk Barberhøvel,"QP 2620/20, 1 stk"
20,jul,julegaver,"kr 699,00","kr 699,00 per stk",Philips Wake-up light,1 stk
21,jul,julegaver,"kr 499,90","kr 499,90 per stk",Værstasjon med fargeskjerm,1 stk
22,jul,julegaver,"kr 199,90","kr 199,90 per stk",Lommelykt led focus,1 stk
23,jul,julegaver,"kr 699,00","kr 699,00 per stk",Philips Steam & Go Steamer,"GC350/40, 1 stk"
24,jul,julegaver,"kr 998,00","kr 998,00 per stk",Slow Cooker Electrolux Esc7400,"6,8 liter, 1 stk"
25,jul,julegaver,"kr 799,00","kr 799,00 per stk",Kaffetrakter Coline Svart,1 stk
26,jul,julegaver,"kr 1198,00","kr 1198,00 per stk",Knivblokk med 5 Kniver,"Sort tre, 1 stk"
27,jul,julegaver,"kr 499,90","kr 499,90 per stk",Vaffeljern,"Dobbel, 1 stk"
28,jul,julegaver,"kr 329,90","kr 329,90 per stk",Håndstøvsuger,"7,2V, 1 stk"
29,jul,julegaver,"kr 129,90","kr 129,90 per stk",Bitssett 31 deler,"Cotech, 1 stk"
30,jul,julegaver,"kr 1390,00","kr 1390,00 per stk",Blender Bosch silentmix pro,1 stk
0,mathall,kjottdisken,"kr 569,00","kr 569,00 per kg",Indrefilet av Kalv Med Parmaskinke og Parmesan,ca. 1 kg
1,mathall,kjottdisken,"kr 99,00","kr 282,86 per kg",Entrecote Av Lam Med Hvit Geitost,ca. 350 g
2,mathall,kjottdisken,"kr 139,00","kr 278,00 per kg",Panert Kalvesnitzel,"2 stk, ca. 500 g"
3,mathall,kjottdisken,"kr 109,00","kr 218,00 per kg",Svinenakke Fylt Med Tranebær og Chevre,"Marinert Med Lakris og Chili, ca. 500 g"
4,mathall,kjottdisken,"kr 232,30","kr 580,75 per kg",Hellstrøms Entrecote av Angus,Til ca. 2 Personer
5,mathall,kjottdisken,"kr 496,40","kr 620,50 per kg",Hellstrøms Ytrefilet av Angus,Til ca. 4 Personer
6,mathall,kjottdisken,"kr 528,00","kr 660,00 per kg",Hellstrøms Indrefilet av Angus,"Til 4 Personer, ca. 800 g"
7,mathall,kjottdisken,"kr 549,00","kr 274,50 per kg",Hel Ytrefilet av Okse,2 kg
8,mathall,kjottdisken,"kr 999,00","kr 333,00 per kg",Hel Entrecote av Storfe,Ca 3kg
9,mathall,kjottdisken,"kr 649,00","kr 649,00 per kg",Reinsdyr Ytrefilet Hel,1 kg
10,mathall,kjottdisken,"kr 274,50","kr 686,25 per kg",Hellstrøms Indrefilet av Angus,ca. 400 g
11,mathall,kjottdisken,"kr 158,50","kr 792,50 per kg",Hellstrøms Indrefilet av Angus,"Til 1 Person, ca. 200 g"
12,mathall,kjottdisken,"kr 137,30","kr 686,50 per kg",Hellstrøms Ytrefilet av Angus,ca. 200 g
13,mathall,kjottdisken,"kr 264,00","kr 660,00 per kg",Hellstrøms Ytrefilet av Angus,"Til  2 Personer, 400 g"
14,mathall,kjottdisken,"kr 528,00","kr 660,00 per kg",Hellstrøms Côte De Boeuf av Angus,"Til 3-4 Personer, 800 g"
15,mathall,kjottdisken,"kr 208,00","kr 547,37 per kg",Okse T-benstek,380 g
16,mathall,kjottdisken,"kr 147,90","kr 295,80 per kg",Hellstrøms Økologisk Svinenakke uten Ben,500 g
17,mathall,kjottdisken,"kr 399,00","kr 362,73 per kg",Lammecarré,"Fra New Zealand, 1,1 kg"
18,mathall,kjottdisken,"kr 249,00","kr 249,00 per kg",Lammekoteletter,"Strøm-Larsen, 1 kg"
19,mathall,kjottdisken,"kr 91,60","kr 152,67 per kg",Okse Bibringe,600 g
20,mathall,kjottdisken,"kr 129,60","kr 129,60 per kg",Oksehaler,"Fryst, 1 kg"
21,mathall,kjottdisken,"kr 166,40","kr 277,33 per kg",Lammebog Uten Ben i Terninger,600 g
22,mathall,kjottdisken,"kr 147,70","kr 295,40 per kg",Okse Høyrygg i Terninger,500 g
23,mathall,kjottdisken,"kr 99,00","kr 275,00 per kg",Ferske Hamburgere,2 stk
24,mathall,kjottdisken,"kr 149,00","kr 232,81 per kg","Hamburger med Koriander, Chili og Persille",4 stk
25,mathall,kjottdisken,"kr 96,00","kr 240,00 per kg",Kjøttdeig Økologisk,400 g
26,mathall,kjottdisken,"kr 105,60","kr 264,00 per kg",Karbonadedeig Økologisk,400 g
27,mathall,kjottdisken,"kr 89,90","kr 224,75 per kg",Hellstrøms Salsiccia Rå,4 stk
28,mathall,kjottdisken,"kr 69,90","kr 174,75 per kg",Hellstrøms Angus Pølser,4 stk
29,mathall,kjottdisken,"kr 79,90","kr 228,29 per kg",Økologisk Bratwurst,"Spikkerud Gård, 3 stk"
30,mathall,kjottdisken,"kr 69,90","kr 233,00 per kg",Lammepølser,"3 Stk, 300 g"
31,mathall,kjottdisken,"kr 59,90","kr 199,67 per kg",Grillpølser Lange,"3 stk, 300 g"
32,mathall,kjottdisken,"kr 69,90","kr 233,00 per kg",Kreolsk Chillipølser,"3 Stk, 300 g"
33,mathall,kjottdisken,"kr 69,90","kr 233,00 per kg",Over Oslo Pølser med Ramsløk,"Norgesmester 2020, 3 stk"
34,mathall,kjottdisken,"kr 69,90","kr 233,00 per kg",Ostepølser med Chili,"Norgesmester 2020, 3 stk"
35,mathall,kjottdisken,"kr 69,90","kr 233,00 per kg",Rostbrattwürst Pølser,"3 Stk, 300 g"
36,mathall,kjottdisken,"kr 64,90","kr 216,33 per kg",Løkpølse,"Norgesmester 2020, 3 stk"
37,mathall,kjottdisken,"kr 279,00","kr 139,50 per kg",Wienerpølser,Ca. 28 stk
38,mathall,kjottdisken,"kr 64,90","kr 216,33 per kg",Bøkerøkt Frankfurter,"Norgesmester 2020, 3 stk"
39,mathall,kjottdisken,"kr 49,90","kr 142,57 per kg",Sterk Østfolding,"Grov Pølse, 3 stk"
40,mathall,kjottdisken,"kr 49,90","kr 142,57 per kg",Grov Østfolding,"Grov Pølse, 3 stk"
41,mathall,kjottdisken,"kr 42,90","kr 107,25 per kg",Julepølse,1 stk
42,mathall,kjottdisken,"kr 119,00","kr 238,00 per kg",Økologiske Medisterkaker,"Hov Kjøtt, 500 g"
43,mathall,kjottdisken,"kr 57,90","kr 222,69 per kg",Kyllinglår med Smør,"Rett i Ovnen, 260 g"
44,mathall,kjottdisken,"kr 799,00","kr 199,75 per kg",Økologisk Hel kalkun,ca. 4 kg
45,mathall,kjottdisken,"kr 129,00","kr 444,83 per kg",Økologisk Kyllingbryst Med Skinn,ca. 290 g
46,mathall,kjottdisken,"kr 369,00","kr 153,75 per kg",Økologisk Hel kylling,"ca. 2,4 kg"
47,mathall,kjottdisken,"kr 104,00","kr 247,62 per kg",Økologisk Kalkunkjøttdeig,ca. 420 g
48,mathall,kjottdisken,"kr 119,00","kr 238,00 per kg",Økologisk Kyllingkjøttdeig,ca. 500 g
49,mathall,kjottdisken,"kr 139,00","kr 347,50 per kg",Karbonadedeig Av Elg,"Fryst, 400 g"
50,mathall,kjottdisken,"kr 119,00","kr 238,00 per kg",Braisert Lammeskank,ca. 500 g
51,mathall,kjottdisken,"kr 119,00","kr 297,50 per kg",Rå Lammeskank,400 g
52,mathall,kjottdisken,"kr 121,30","kr 86,64 per kg",Røkte Skinkeknoker,"1,4 kg"
53,mathall,kjottdisken,"kr 124,80","kr 89,14 per kg",Salte Knoker,"1,4 kg"
54,mathall,kjottdisken,"kr 139,00","kr 231,67 per kg",Spareribs av Fjellgris,ca. 600 g
55,mathall,kjottdisken,"kr 74,90","kr 299,60 per kg",Filetbacon av Fjellgris,"Skivet, 250 g"
56,mathall,kjottdisken,"kr 119,00","kr 476,00 per kg",Tørrsaltet bacon,"I Stk, 250 g"
57,mathall,kjottdisken,"kr 79,90","kr 177,56 per kg",Grove karbonader,"Med Løk, 5 stk"
58,mathall,kjottdisken,"kr 49,90","kr 184,81 per kg",Elgkarbonader,3 stk
59,mathall,kjottdisken,"kr 39,90","kr 147,78 per kg",Lunsjkaker,3 stk
60,mathall,kjottdisken,"kr 59,90","kr 153,59 per kg",Medisterkaker,6 stk
61,mathall,kjottdisken,"kr 429,00","kr 286,00 per kg",Pinnekjøtt Av Lam Røkt,"ca. 1,5 kg"
0,mathall,fiskedisken,"kr 72,20","kr 72,20 per kg",Levende Blåskjell,1 kg
1,mathall,fiskedisken,"kr 114,30","kr 285,75 per kg",Laksefilet med skinn,"Oppdrett, fersk, ca. 400 g"
2,mathall,fiskedisken,"kr 57,80","kr 289,00 per kg",Laksefilet med Skinn,"Oppdrett, Fersk, ca. 200 g"
3,mathall,fiskedisken,"kr 29,00","kr 145,00 per kg",Seifilet uten Skinn,"Fersk villfisk, ca. 200 g"
4,mathall,fiskedisken,"kr 55,40","kr 138,50 per kg",Seifilet uten Skinn,"Fersk villfisk, ca. 400 g"
5,mathall,fiskedisken,"kr 125,80","kr 314,50 per kg",Ørretfilet med Skinn,"Oppdrett, Fersk, ca. 400 g"
6,mathall,fiskedisken,"kr 63,40","kr 317,00 per kg",Ørretfilet med Skinn,"Oppdrett, Fersk, ca. 200 g"
7,mathall,fiskedisken,"kr 98,40","kr 246,00 per kg",Fersk Torskefilet Uten Skinn,ca. 400 g
8,mathall,fiskedisken,"kr 50,90","kr 254,50 per kg",Torskefilet uten Skinn,"Fersk villfisk, ca. 200 g"
9,mathall,fiskedisken,"kr 77,90","kr 194,75 per kg",Torskefilet Lettsaltet,"Med Skinn Villfisk, ca. 400 g"
10,mathall,fiskedisken,"kr 47,80","kr 239,00 per kg",Torskefilet Lettsaltet,"Med Skinn Villfisk, ca. 200 g"
11,mathall,fiskedisken,"kr 159,00","kr 318,00 per kg",Laksebiff Uten Skinn,", Garantert Beinfri, 4 stk"
12,mathall,fiskedisken,"kr 108,40","kr 271,00 per kg",Fersk Brosmefilet,"Uten Skinn, ca. 400 g"
13,mathall,fiskedisken,"kr 54,40","kr 272,00 per kg",Fersk Brosmefilet,"Uten Skinn, ca. 200 g"
14,mathall,fiskedisken,"kr 139,20","kr 348,00 per kg",Smørflyndrefilet,"Villfisk, ca. 400 g"
15,mathall,fiskedisken,"kr 105,80","kr 264,50 per kg",Fersk Langefilet,"Uten Skinn, ca. 400 g"
16,mathall,fiskedisken,"kr 100,20","kr 250,50 per kg",Røkt Torskefilet,"Med Skinn, ca. 400 g"
17,mathall,fiskedisken,"kr 139,00","kr 556,00 per kg",Røyksteamet Gravet Laks,250 g
18,mathall,fiskedisken,"kr 139,00","kr 556,00 per kg",Kaldrøkt Hval,250 g
19,mathall,fiskedisken,"kr 599,00","kr 599,00 per kg",Kokt Kongekrabbe,1 kg
20,mathall,fiskedisken,"kr 851,40","kr 170,28 per kg",Ekstra Store Frosne Reker,"Str 50/70, 5 kg"
21,mathall,fiskedisken,"kr 109,00","kr 218,00 per kg",Ferske Reker,500 g
22,mathall,fiskedisken,"kr 38,20","kr 201,05 per kg",Gulfinnet Tunfiskfilet,"Uten Skinn & Ben, 190 g"
23,mathall,fiskedisken,"kr 479,90","kr 15996,67 per kg",Russisk Størkaviar,30 g
24,mathall,fiskedisken,"kr 187,00","kr 1870,00 per kg",Tørrfisksnacks,"Sprø Biter, 100 g"
25,mathall,fiskedisken,"kr 163,80","kr 1638,00 per kg",Tørrfisksnacks Filet,100 g
26,mathall,fiskedisken,"kr 179,00","kr 132,59 per kg",Lutefisk Hel Side,"ca. 1,35 kg"
0,mathall,brod-og-bakevarer,"kr 49,90","kr 71,29 per kg",Fransk Surdeigsbrød,1 stk
1,mathall,brod-og-bakevarer,"kr 42,50","kr 60,71 per kg",7-kornbrød,1 stk
2,mathall,brod-og-bakevarer,"kr 43,90","kr 58,53 per kg",Tyrolerbrød,"Steinovnsbakt, 1 stk"
3,mathall,brod-og-bakevarer,"kr 42,90","kr 55,00 per kg",Muslibrød,1 stk
4,mathall,brod-og-bakevarer,"kr 59,90","kr 77,79 per kg",Nybakt Økologisk Speltbrød,1 stk
5,mathall,brod-og-bakevarer,"kr 40,90","kr 51,13 per kg",Dansk Rugbrød,1 stk
6,mathall,brod-og-bakevarer,"kr 39,90","kr 66,50 per kg",Ferskt Gulrotbrød,1 stk
7,mathall,brod-og-bakevarer,"kr 49,90","kr 99,80 per kg",Focaccia,"Med Oliven, 500 g"
8,mathall,brod-og-bakevarer,"kr 69,90","kr 170,49 per kg",Glutenfritt Grovbrød,1 stk
9,mathall,brod-og-bakevarer,"kr 29,90","kr 85,43 per kg",Fersk Baguette Med Frø,1 stk
10,mathall,brod-og-bakevarer,"kr 29,90","kr 85,43 per kg",Fersk Fin Baguette,350 g
11,mathall,brod-og-bakevarer,"kr 89,90","kr 119,87 per kg",Økologiske Grove Baguetter,"Halvstekte, 5 stk"
12,mathall,brod-og-bakevarer,"kr 39,90","kr 79,80 per kg",Kornrundstykker,4 stk
13,mathall,brod-og-bakevarer,"kr 69,90","kr 116,50 per kg",Grove Scones,4 stk
14,mathall,brod-og-bakevarer,"kr 59,90","kr 166,39 per kg",Croissant,4 stk
15,mathall,brod-og-bakevarer,"kr 69,90","kr 120,52 per kg",Ferske Kanelsnurrer,4 stk
16,mathall,brod-og-bakevarer,"kr 39,90","kr 221,67 per kg",Croissant,2 stk
17,mathall,brod-og-bakevarer,"kr 59,90","kr 110,93 per kg",Ferske Boller med Sjokolade,4 stk
18,mathall,brod-og-bakevarer,"kr 29,90","kr 166,11 per kg",Økologiske Pitabrød,"Med Spelt, 2 stk"
19,mathall,brod-og-bakevarer,"kr 59,90","kr 110,93 per kg",Ferske Hveteboller,4 stk
20,mathall,brod-og-bakevarer,"kr 59,80","kr 398,67 per kg",Speltkjeks,150 g
21,mathall,brod-og-bakevarer,"kr 49,90","kr 92,41 per kg",Rosinboller,4 stk
22,mathall,brod-og-bakevarer,"kr 49,90","kr 172,07 per kg",Ferske Kanelsnurrer,2 stk
23,mathall,brod-og-bakevarer,"kr 29,90","kr 83,06 per kg",Ferske Brioche Hamburgerbrød,4 stk
0,mathall,ostedisken,"kr 98,40","kr 492,00 per kg",Chablis,"Rødkittost, 200 g"
1,mathall,ostedisken,"kr 56,80","kr 227,20 per kg",Camembert Le Rustique,250 g
2,mathall,ostedisken,"kr 62,20","kr 248,80 per kg",Brie de Paris,250 g
3,mathall,ostedisken,"kr 173,80","kr 695,20 per kg",Epoisses de Bourgogne AOP,250 g
4,mathall,ostedisken,"kr 120,90","kr 483,60 per kg",Le Crémier de Chaumes,250 g
5,mathall,ostedisken,"kr 130,20","kr 651,00 per kg",Petit Delice Des Cremieres,200 g
6,mathall,ostedisken,"kr 152,00","kr 475,00 per kg",Bufar,320 g
7,mathall,ostedisken,"kr 162,90","kr 465,43 per kg",Helin Nøkkelost,350 g
8,mathall,ostedisken,"kr 86,30","kr 392,27 per kg",Prima Donna Fino,220 g
9,mathall,ostedisken,"kr 92,80","kr 421,82 per kg",Prima Donna Maturo,220 g
10,mathall,ostedisken,"kr 52,80","kr 211,20 per kg",Camembert,250 g
11,mathall,ostedisken,"kr 51,00","kr 340,00 per kg",Mini Brie,"Økologisk, 150 g"
12,mathall,ostedisken,"kr 50,00","kr 333,33 per kg",Tine Dovretinde,150 g
13,mathall,ostedisken,"kr 44,60","kr 297,33 per kg",Økologisk Brie,150 g
14,mathall,ostedisken,"kr 41,60","kr 277,33 per kg",Brie Pepper,150 g
15,mathall,ostedisken,"kr 48,20","kr 321,33 per kg",Norsk Brie,150 g
16,mathall,ostedisken,"kr 82,40","kr 274,67 per kg",Balsfjord,300 g
17,mathall,ostedisken,"kr 119,30","kr 596,50 per kg",Cheddar Little Black Bomber,200 g
18,mathall,ostedisken,"kr 27,30","kr 109,20 per kg",Ricotta,"Ambrosi, 250 g"
19,mathall,ostedisken,"kr 43,50","kr 197,73 per kg",Fransk Rød,"En Verden av Oster, 220 g"
20,mathall,ostedisken,"kr 72,80","kr 728,00 per kg",Roquefort Vernieres AOP,100 g
21,mathall,ostedisken,"kr 92,80","kr 742,40 per kg",Saint Agur,125 g
22,mathall,ostedisken,"kr 86,30","kr 431,50 per kg",Taleggio DOP,200 g
23,mathall,ostedisken,"kr 56,40","kr 376,00 per kg",Gorgonzola Dolce,150 g
24,mathall,ostedisken,"kr 48,70","kr 324,67 per kg",Greco Ekte Fetaost,150 g
25,mathall,ostedisken,"kr 54,30","kr 452,50 per kg",Chèvre,120 g
26,mathall,ostedisken,"kr 59,80","kr 314,74 per kg",Chevre Haukeli Naturell,190 g
27,mathall,ostedisken,"kr 62,50","kr 520,83 per kg",Chevre Ramsløk Haukeli,120 g
28,mathall,ostedisken,"kr 51,80","kr 259,00 per kg",Gresk Feta PDO,200 g
29,mathall,ostedisken,"kr 73,10","kr 365,50 per kg",Gresk Feta PDO,"Økologisk, 200 g"
30,mathall,ostedisken,"kr 52,40","kr 262,00 per kg",Cheddar,200 g
31,mathall,ostedisken,"kr 34,70","kr 231,33 per kg",Selbu Blå,150 g
32,mathall,ostedisken,"kr 49,80","kr 332,00 per kg",Selbu Blå kraftig,150 g
33,mathall,ostedisken,"kr 57,80","kr 385,33 per kg",Parmiggiano,150 g
34,mathall,ostedisken,"kr 63,60","kr 424,00 per kg",Parmigiano Reggiano,150 g
35,mathall,ostedisken,"kr 93,90","kr 469,50 per kg",Grana Padano Trekant 10 mnd DOP,200 g
36,mathall,ostedisken,"kr 87,40","kr 437,00 per kg",Manchego 3 mnd DOP,200 g
37,mathall,ostedisken,"kr 60,60","kr 404,00 per kg",Manchego DOP,"Lagret 6 mnd, 150 g"
38,mathall,ostedisken,"kr 69,80","kr 279,20 per kg",Halloumi,"Classic fra Alambra, 250 g"
39,mathall,ostedisken,"kr 50,10","kr 250,50 per kg",Halloumi,200 g
40,mathall,ostedisken,"kr 49,80","kr 398,40 per kg",Mozzarella di Bufala Fersk,125 g
41,mathall,ostedisken,"kr 31,40","kr 209,33 per kg",Castello Blå,150 g
42,mathall,ostedisken,"kr 34,30","kr 228,67 per kg",Castello Hvit,150 g
43,mathall,ostedisken,"kr 34,30","kr 228,67 per kg",Castello White med Chili,150 g
44,mathall,ostedisken,"kr 53,80","kr 358,67 per kg",Gamalost Frå Vik,150 g
45,mathall,ostedisken,"kr 53,40","kr 296,67 per kg",Pultost Løiten,180 g
46,mathall,ostedisken,"kr 76,40","kr 509,33 per kg",Saint Agur Creme,150 g
47,mathall,ostedisken,"kr 68,90","kr 306,22 per kg",Halloumi,225 g
48,mathall,ostedisken,"kr 65,80","kr 199,39 per kg",Ekte Hvit Geitost,330 g
49,mathall,ostedisken,"kr 119,00","kr 1190,00 per kg",LC Stilton krukke PDO,100 g
0,mathall,meieri-og-egg,"kr 69,90","kr 279,60 per l",Upasteurisert Rå Rømme,"40%, 250 ml"
1,mathall,meieri-og-egg,"kr 32,60","kr 79,90 per kg",Store Egg Fra Frittgående Høner,"Str L, 6 stk"
2,mathall,meieri-og-egg,"kr 43,80","kr 71,57 per kg",Store Egg Fra Frittgående Høner,"Str L, 9 stk"
3,mathall,meieri-og-egg,"kr 37,40","kr 155,83 per kg",Økologisk Cottage Cheese,240 g
4,mathall,meieri-og-egg,"kr 29,80","kr 99,33 per l",Økologisk Kremfløte,3 dl
5,mathall,meieri-og-egg,"kr 21,00","kr 84,00 per kg",Økologisk Lettrømme,"10 %, 250 g"
6,mathall,meieri-og-egg,"kr 38,40","kr 153,60 per kg",Røros Rømme,"Økologisk, 250 g"
7,mathall,meieri-og-egg,"kr 48,80","kr 195,20 per kg",Røros Smør,"Økologisk, 250 g"
8,mathall,meieri-og-egg,"kr 41,50","kr 92,22 per kg",Økologisk Yoghurt,"Med Tyttebær, 450 g"
9,mathall,meieri-og-egg,"kr 31,80","kr 70,67 per kg",Økologisk  Røros Yoghurt,450 g
10,mathall,meieri-og-egg,"kr 40,40","kr 85,96 per kg",Økologisk Røros Yoghurt,"Med Vanilje & Honning, 470 g"
11,mathall,meieri-og-egg,"kr 37,50","kr 79,79 per kg",Økologisk Røros Yoghurt,"Med Jordbær & Rabarbra, 470 g"
12,mathall,meieri-og-egg,"kr 23,80","kr 23,80 per l",Økologisk skummet Rørosmjølk,1 l
13,mathall,meieri-og-egg,"kr 19,80","kr 19,80 per l","Rørosmjølk Lett, Økologisk","1,2% Fett, 1 l"
14,mathall,meieri-og-egg,"kr 21,40","kr 21,40 per l",Rørosmjølk Hel Økologisk,"4,0% Fett, 1 l"
15,mathall,meieri-og-egg,"kr 19,40","kr 19,40 per l",Rørosmjølk Økologisk,"0,7% Fett, 1 l"
16,mathall,meieri-og-egg,"kr 35,80","kr 35,80 per l",Økologisk Tjukkmjølk,"1,5% fett, 1 l"
17,mathall,meieri-og-egg,"kr 40,40","kr 40,40 per l",Syrna Blå,"Økologisk, 1 l"
0,mathall,drikke,"kr 69,20","kr 92,27 per l",Eplemost Discovery/Aroma,"0,75 l"
1,mathall,drikke,"kr 59,00","kr 236,00 per l",Kombucha Hylleblomst,250 ml
2,mathall,drikke,"kr 49,00","kr 148,48 per l",Vannkefir Bringebær og Vanilje,330 ml
3,mathall,drikke,"kr 49,00","kr 148,48 per l",Vannkefir Sitron og Ingefær,330 ml
4,mathall,drikke,"kr 34,90","kr 139,60 per l",Økologisk Eplemost,"Av Discovery epler, 250 ml"
5,mathall,drikke,"kr 39,90","kr 159,60 per l",Økologisk Eplemost,"0,25 l"
6,mathall,drikke,"kr 39,90","kr 159,60 per l",Økologisk Plommedrikk,250 ml
7,mathall,drikke,"kr 39,90","kr 159,60 per l",Økologisk Ripsdrikk,250 ml
8,mathall,drikke,"kr 39,90","kr 159,60 per l",Økologisk Rabarbradrikk,"0,25 l"
9,mathall,drikke,"kr 39,90","kr 159,60 per l",Økologisk Blåbærdrikk,"0,25 l"
10,mathall,drikke,"kr 39,90","kr 159,60 per l",Økologisk Hylleblomstdrikk,"0,25 l"
11,mathall,drikke,"kr 39,90","kr 159,60 per l",Økologisk Solbærdrikk,250 ml
12,mathall,drikke,"kr 39,90","kr 159,60 per l",Økologisk Kirsbærdrikk,250 ml
13,mathall,drikke,"kr 139,00","kr 370,67 per l",Økologisk Rabarbra og Hylleblomstsaft,375 ml
14,mathall,drikke,"kr 109,00","kr 145,33 per l",Økologisk Hylleblomstsaft,"Drikkeklar, 0,75 l"
15,mathall,drikke,"kr 59,00","kr 236,00 per l",Kombucha Ingefær,250 ml
16,mathall,drikke,"kr 119,00","kr 170,00 per l",Økologisk Bringebærsaft,700 ml
17,mathall,drikke,"kr 30,00","kr 90,91 per l",Tøyen-Cola,"0,33 l"
18,mathall,drikke,"kr 48,90","kr 148,18 per l",Grønn T Kombucha,"Økologisk, 0,33 l"
19,mathall,drikke,"kr 47,90","kr 145,15 per l",Økologisk Ging Kong Ingerfærøl,"0,33 l"
20,mathall,drikke,"kr 47,90","kr 145,15 per l",Økologisk Indian Tonic,"0,33 l"
21,mathall,drikke,"kr 48,90","kr 148,18 per l",So Long Kombucha,"Økologisk, 0,33 l"
22,mathall,drikke,"kr 49,90","kr 151,21 per l",Ginger Bell Ingerfærøl,"0,33 l"
0,mathall,palegg-og-spekemat,"kr 121,90","kr 451,48 per kg",Holy Baloney Spekepølse,"Økologisk, 270 g"
1,mathall,palegg-og-spekemat,"kr 121,90","kr 478,04 per kg",Slegge Chili Salami,"Økologisk, 255 g"
2,mathall,palegg-og-spekemat,"kr 68,30","kr 853,75 per kg",Tronfjell Velhengt Spekeskinke I Skiver,"Norgesmester 2020, 80 g"
3,mathall,palegg-og-spekemat,"kr 59,80","kr 598,00 per kg",Vellagra Coppaskinke,100 g
4,mathall,palegg-og-spekemat,"kr 56,40","kr 564,00 per kg",Elg og Einebær Spekepølse,100 g
5,mathall,palegg-og-spekemat,"kr 131,50","kr 657,50 per kg",Fenalår,200 g
6,mathall,palegg-og-spekemat,"kr 91,60","kr 458,00 per kg",Kalkunskinke Skivet,200 g
7,mathall,palegg-og-spekemat,"kr 89,00","kr 445,00 per kg",Oppskåret Lammerull,200 g
8,mathall,palegg-og-spekemat,"kr 69,90","kr 349,50 per kg",Mortadella i Skiver,200 g
9,mathall,palegg-og-spekemat,"kr 99,00","kr 495,00 per kg",Økologisk Provenceskinke Skivet,200 g
10,mathall,palegg-og-spekemat,"kr 100,90","kr 504,50 per kg",Røkt Skinke,200 g
11,mathall,palegg-og-spekemat,"kr 105,60","kr 528,00 per kg",Salami Skivet,200 g
12,mathall,palegg-og-spekemat,"kr 91,60","kr 458,00 per kg",Vikingskinke i Skiver,200 g
13,mathall,palegg-og-spekemat,"kr 119,00","kr 595,00 per kg",Spekeskinke,"I Skiver, 200 g"
14,mathall,palegg-og-spekemat,"kr 32,60","kr 326,00 per kg",Provenceskinke,"Med Oliven, 100 g"
15,mathall,palegg-og-spekemat,"kr 37,20","kr 372,00 per kg",Roastbiff,100 g
16,mathall,palegg-og-spekemat,"kr 32,60","kr 326,00 per kg",Ardenneskinke,100 g
17,mathall,palegg-og-spekemat,"kr 32,60","kr 326,00 per kg",Ribberull,100 g
18,mathall,palegg-og-spekemat,"kr 32,60","kr 326,00 per kg",Pepperskinke,100 g
19,mathall,palegg-og-spekemat,"kr 32,60","kr 326,00 per kg",Marinert & Kydret Skinkebiff,100 g
20,mathall,palegg-og-spekemat,"kr 28,30","kr 283,00 per kg",Kokt skinke,"Håndlagt, 100 g"
21,mathall,palegg-og-spekemat,"kr 32,60","kr 326,00 per kg",Kyllingpastrami,100 g
22,mathall,palegg-og-spekemat,"kr 32,60","kr 326,00 per kg",Gourmetskinke,100 g
23,mathall,palegg-og-spekemat,"kr 38,20","kr 382,00 per kg",Røkt Kalkunbryst,100 g
24,mathall,palegg-og-spekemat,"kr 38,20","kr 382,00 per kg",Urtemarinert Kalkunbryst,100 g
25,mathall,palegg-og-spekemat,"kr 30,50","kr 152,50 per kg",Ovnsbakt Leverpostei,200 g
26,mathall,palegg-og-spekemat,"kr 93,90","kr 268,29 per kg",Skogshonning Ren,350 g
27,mathall,palegg-og-spekemat,"kr 69,20","kr 432,50 per kg",Bringebærsyltetøy,160 g
28,mathall,palegg-og-spekemat,"kr 64,90","kr 216,33 per kg",Håndlaget Jordbærsyltetøy,300 g
29,mathall,palegg-og-spekemat,"kr 64,90","kr 216,33 per kg",Håndlaget Økologisk Appelsinmarmelade,300 g
30,mathall,palegg-og-spekemat,"kr 64,90","kr 216,33 per kg",Håndlaget Økologisk Bringebærsyltetøy,300 g
31,mathall,palegg-og-spekemat,"kr 64,90","kr 216,33 per kg",Håndlaget Økologisk Plommesyltetøy,300 g
32,mathall,palegg-og-spekemat,"kr 34,90","kr 349,00 per kg",Håndlagt sylte,"i Skiver, 100 g"
33,mathall,palegg-og-spekemat,"kr 99,00","kr 247,50 per kg",Halv Julesylte,400 g
34,mathall,palegg-og-spekemat,"kr 39,90","kr 399,00 per kg",Prosciutto Cotto,100 g
0,mathall,middagstilbehor-pasta-og-saus,"kr 99,00","kr 2475,00 per kg",Tørket Remmetang,40 g
1,mathall,middagstilbehor-pasta-og-saus,"kr 99,00","kr 3300,00 per kg",Tørket Vingetang,30 g
2,mathall,middagstilbehor-pasta-og-saus,"kr 99,00","kr 3300,00 per kg",Tørket Sukkertang,30 g
3,mathall,middagstilbehor-pasta-og-saus,"kr 159,00","kr 407,69 per l",Mak Kimchi,390 ml
4,mathall,middagstilbehor-pasta-og-saus,"kr 169,00","kr 433,33 per l",Sauerkraut,390 ml
5,mathall,middagstilbehor-pasta-og-saus,"kr 159,00","kr 407,69 per l",Jegerkraut,"Upasteurisert Surkål, 390 ml"
6,mathall,middagstilbehor-pasta-og-saus,"kr 159,00","kr 407,69 per l",Shivakraut,"Upasteurisert Surkål, 390 ml"
7,mathall,middagstilbehor-pasta-og-saus,"kr 159,00","kr 407,69 per l",Curtido,"Upasteurisert Surkål, 390 ml"
8,mathall,middagstilbehor-pasta-og-saus,"kr 129,00","kr 516,00 per l",Arctic Ocean Salad,"Vingetang, 250 ml"
9,mathall,middagstilbehor-pasta-og-saus,"kr 47,00","kr 127,03 per kg",Bolognese,"Vegetar, 370 g"
10,mathall,middagstilbehor-pasta-og-saus,"kr 98,80","kr 282,29 per kg",Bringebærhonning Myk,350 g
11,mathall,middagstilbehor-pasta-og-saus,"kr 47,00","kr 127,03 per kg",Chili sin carne,370 g
12,mathall,middagstilbehor-pasta-og-saus,"kr 36,80","kr 368,00 per l",Fersk Aioli,1 dl
13,mathall,middagstilbehor-pasta-og-saus,"kr 35,80","kr 204,57 per l",Fersk Bearnaisesaus,175 ml
14,mathall,middagstilbehor-pasta-og-saus,"kr 44,20","kr 340,00 per kg",Fersk Grønn Pesto,130 g
15,mathall,middagstilbehor-pasta-og-saus,"kr 47,00","kr 127,03 per kg",Fersk Kikertcurry,370 g
16,mathall,middagstilbehor-pasta-og-saus,"kr 47,80","kr 129,19 per kg",Gartnergryte,"Vegetar, 370 g"
17,mathall,middagstilbehor-pasta-og-saus,"kr 33,50","kr 203,03 per kg",Fersk Totensalsa hakket kvassere,"sterk, 165 g"
18,mathall,middagstilbehor-pasta-og-saus,"kr 32,90","kr 199,39 per kg",Totensalsa ælminnelig,"Mild, 165 g"
19,mathall,middagstilbehor-pasta-og-saus,"kr 32,90","kr 199,39 per kg",Totensalsa kvass,"Medium, 165 g"
20,mathall,middagstilbehor-pasta-og-saus,"kr 79,90","kr 799,00 per kg",Himalaya Ramsløksalt,100 g
21,mathall,middagstilbehor-pasta-og-saus,"kr 69,90","kr 279,60 per kg",Kråkebolle Fint Flaksalt,250 g
22,mathall,middagstilbehor-pasta-og-saus,"kr 98,90","kr 282,57 per kg",Lynghonning Kraftig,350 g
23,mathall,middagstilbehor-pasta-og-saus,"kr 79,10","kr 2636,67 per kg",Nordisk Tang,"Furikake, 30 g"
24,mathall,middagstilbehor-pasta-og-saus,"kr 87,40","kr 126,67 per kg",Pizzabunn Surdeig,"Rund Halvstekt 30 cm, 3 stk"
25,mathall,middagstilbehor-pasta-og-saus,"kr 129,00","kr 516,00 per l",Spicy Seaspaghetti,"Knapptang, 250 ml"
26,mathall,middagstilbehor-pasta-og-saus,"kr 114,50","kr 5725,00 per kg",Tørket Traktkantarell,20 g
27,mathall,middagstilbehor-pasta-og-saus,"kr 64,80","kr 202,50 per kg",Stekt Tofu,"Norskprodusert, 320 g"
28,mathall,middagstilbehor-pasta-og-saus,"kr 32,80","kr 164,00 per kg",Fersk Tofu,"Norskprodusert, 200 g"
29,mathall,middagstilbehor-pasta-og-saus,"kr 39,90","kr 133,00 per kg",Syltet Rødløk,300 g
0,mathall,mel-og-gryn,"kr 41,90","kr 41,90 per kg",Nuvola Tipo 0,"Pizzamel, 1 kg"
1,mathall,mel-og-gryn,"kr 34,50","kr 34,50 per kg",Caputo Pizzamel Manitoba,1 kg
2,mathall,mel-og-gryn,"kr 49,80","kr 49,80 per kg",Pizzamel tipo-00,1 kg
3,mathall,mel-og-gryn,"kr 59,90","kr 59,90 per kg",Økologisk Emmer Grovmalt,1 kg
4,mathall,mel-og-gryn,"kr 64,90","kr 64,90 per kg",Økologisk Enkorn Fin Sammalt,"Steinmalt, 1 kg"
5,mathall,mel-og-gryn,"kr 52,90","kr 52,90 per kg",Økologisk Havre Sammalt,"Steinmalt, 1 kg"
6,mathall,mel-og-gryn,"kr 69,90","kr 69,90 per kg",Økologisk Kjempedurum Finmalt,1 kg
7,mathall,mel-og-gryn,"kr 36,90","kr 36,90 per kg",Økologisk Landhvete Grovmalt,1 kg
8,mathall,mel-og-gryn,"kr 42,90","kr 85,80 per kg",Økologisk Perlebygg,500 g
9,mathall,mel-og-gryn,"kr 42,90","kr 85,80 per kg",Økologisk Perle Emmer,500 g
10,mathall,mel-og-gryn,"kr 37,90","kr 75,80 per kg",Økologisk Perlespelt,500 g
11,mathall,mel-og-gryn,"kr 39,90","kr 39,90 per kg",Økologisk Rugmel Siktet,1 kg
12,mathall,mel-og-gryn,"kr 44,90","kr 44,90 per kg",Økologisk Siktet Landhvete,1 kg
13,mathall,mel-og-gryn,"kr 42,40","kr 42,40 per kg",Økologisk Speltmel Finmalt,1 kg
14,mathall,mel-og-gryn,"kr 44,90","kr 44,90 per kg",Økologisk Speltmel Siktet,1 kg
15,mathall,mel-og-gryn,"kr 69,90","kr 69,90 per kg",Tipo 00 Mel,"Kjempedurum Siktet, 1 kg"
16,mathall,mel-og-gryn,"kr 42,90","kr 42,90 per kg",Økologisk Svedjerug,"Finmalt, 1 kg"
17,mathall,mel-og-gryn,"kr 64,40","kr 128,80 per kg",Fiberhavre Steel Cut,500 g
18,mathall,mel-og-gryn,"kr 99,00","kr 198,00 per kg",Honningristet Musli,500 g
0,mathall,iskrem-sotsaker-og-snacks,"kr 79,80","kr 159,60 per l",Vegansk Sjokolade Iskrem,"Avokado-basert, 0,5 l"
1,mathall,iskrem-sotsaker-og-snacks,"kr 63,70","kr 127,40 per l",Sjokolade-Iskrem,"0,5 l"
2,mathall,iskrem-sotsaker-og-snacks,"kr 63,70","kr 127,40 per l",Vanilje-Iskrem,"0,5 l"
3,mathall,iskrem-sotsaker-og-snacks,"kr 63,70","kr 127,40 per l",Kaffe Mocca Iskrem,"0,5 l"
4,mathall,iskrem-sotsaker-og-snacks,"kr 63,70","kr 127,40 per l",Lakris-Iskrem,"0,5 l"
5,mathall,iskrem-sotsaker-og-snacks,"kr 63,70","kr 127,40 per l",Sorbet av Bringebær,"0,5 l"
6,mathall,iskrem-sotsaker-og-snacks,"kr 80,30","kr 160,60 per l",Sorbet av Jordbær,"0,5 l"
7,mathall,iskrem-sotsaker-og-snacks,"kr 63,70","kr 127,40 per l",Sorbet av Sitron,"0,5 l"
8,mathall,iskrem-sotsaker-og-snacks,"kr 63,70","kr 127,40 per l",Sorbet av Mango,"0,5 l"
9,mathall,iskrem-sotsaker-og-snacks,"kr 74,40","kr 148,80 per l",Sorbet av Kokos,"0,5 l"
10,mathall,iskrem-sotsaker-og-snacks,"kr 63,80","kr 127,60 per l",Sorbet av Rabarbra,"0,5 l"
11,mathall,iskrem-sotsaker-og-snacks,"kr 63,70","kr 127,40 per l",Cookies & Vanilje-Iskrem,"0,5 l"
12,mathall,iskrem-sotsaker-og-snacks,"kr 79,80","kr 169,79 per l",Peanut Butter Cup,"0,47 l"
13,mathall,iskrem-sotsaker-og-snacks,"kr 58,00","kr 58,00 per l",Iskrem Gul Vanilje,1 l
14,mathall,iskrem-sotsaker-og-snacks,"kr 57,90","kr 57,90 per l",Iskrem Tiramisu,1 l
15,mathall,iskrem-sotsaker-og-snacks,"kr 62,90","kr 125,80 per l",Sorbetto Limone,"Lime, 0,5 l"
16,mathall,iskrem-sotsaker-og-snacks,"kr 62,90","kr 125,80 per l",Sorbetto Mango & Pasjonsfrukt,"0,5 l"
17,mathall,iskrem-sotsaker-og-snacks,"kr 87,40","kr 185,96 per l",Candy Bar,"0,47 l"
18,mathall,iskrem-sotsaker-og-snacks,"kr 79,80","kr 169,79 per l",Chocolate Chip Cookie Dough,"0,47 l"
19,mathall,iskrem-sotsaker-og-snacks,"kr 79,80","kr 169,79 per l",Sea Salt Caramel,"0,47 l"
20,mathall,iskrem-sotsaker-og-snacks,"kr 46,40","kr 421,82 per kg",Crème Brûlée,110 g
21,mathall,iskrem-sotsaker-og-snacks,"kr 48,40","kr 142,35 per kg",Moccapudding,2 stk
22,mathall,iskrem-sotsaker-og-snacks,"kr 44,20","kr 133,94 per kg",Panna Cotta,330 g
23,mathall,iskrem-sotsaker-og-snacks,"kr 48,40","kr 142,35 per kg",Karamellpudding,2 stk
24,mathall,iskrem-sotsaker-og-snacks,"kr 45,10","kr 132,65 per kg",Sjokoladepudding,2 stk
25,mathall,iskrem-sotsaker-og-snacks,"kr 64,90","kr 998,46 per kg",Turglede Hvit Sjokolade og Bringebær,65 g
26,mathall,iskrem-sotsaker-og-snacks,"kr 64,90","kr 998,46 per kg",Turglede Hvit Sjokolade og Pasjonsfrukt,65 g
27,mathall,iskrem-sotsaker-og-snacks,"kr 64,90","kr 998,46 per kg",Turglede Hvit Sjokolade og Solbær,65 g
28,mathall,iskrem-sotsaker-og-snacks,"kr 99,00","kr 900,00 per kg",Turglede Mørk Sjokolade,110 g
29,mathall,iskrem-sotsaker-og-snacks,"kr 59,90","kr 1576,32 per kg",Lakrisbar Med Chili,38 g
30,mathall,iskrem-sotsaker-og-snacks,"kr 59,90","kr 1576,32 per kg",Lakrisbar Med Salt Lakris,38 g
31,mathall,iskrem-sotsaker-og-snacks,"kr 199,00","kr 66,33 per l",Fin Vaffelrøre,3 l
32,mathall,iskrem-sotsaker-og-snacks,"kr 79,90","kr 79,90 per l",Fin Vaffelrøre i Beger,1 l
33,mathall,iskrem-sotsaker-og-snacks,"kr 74,90","kr 1413,21 per kg",Økologisk 50% Melk & Blåbærsjokolade,53 g
34,mathall,iskrem-sotsaker-og-snacks,"kr 74,90","kr 1413,21 per kg",45% Melk &  brunostsjokolade,53 g
35,mathall,iskrem-sotsaker-og-snacks,"kr 74,90","kr 1413,21 per kg",Økologisk 70% Mørk Sjokolade Tanzania,53 g
36,mathall,iskrem-sotsaker-og-snacks,"kr 74,90","kr 1413,21 per kg",Økologisk Reinsdyrlav & Tyttebær,"70% Mørk Sjokolade, 53 g"
37,mathall,iskrem-sotsaker-og-snacks,"kr 42,90","kr 286,00 per kg",Potetchips Salt Og Grønn Pepper,150 g
38,mathall,iskrem-sotsaker-og-snacks,"kr 42,90","kr 286,00 per kg",Potetchips Med Brunost,150 g
39,mathall,iskrem-sotsaker-og-snacks,"kr 149,00","kr 2292,31 per kg",Juleglede,"Håndlaget sjokolade, 6 stk"
40,mathall,iskrem-sotsaker-og-snacks,"kr 299,00","kr 299,00 per kg",Marsipan Grisemor i Gaveeske,1 kg
41,mathall,iskrem-sotsaker-og-snacks,"kr 129,00","kr 1032,00 per kg",Marsipangris Lillebror,"i cellofan, 1 stk"
42,mathall,iskrem-sotsaker-og-snacks,"kr 179,00","kr 716,00 per kg",Marsipan Grisefar i Gaveeske,1 stk
0,clas-ohlson,barneutstyr,"kr 399,90","kr 399,90 per stk",Øre- og pannetermometer,"Beurer FT65, 1 stk"
1,clas-ohlson,barneutstyr,"kr 59,90","kr 9,98 per stk",Tekstilmerkepenn,6 stk
2,clas-ohlson,barneutstyr,"kr 998,00","kr 998,00 per stk",Babycall,"SCD 506, 1 stk"
3,clas-ohlson,barneutstyr,"kr 199,90","kr 199,90 per stk",Hørselvern Peltor,"Barn, Grønn, 1 stk"
4,clas-ohlson,barneutstyr,"kr 49,90","kr 8,32 per stk",Kontaktpropp til vegguttak,6 stk
5,clas-ohlson,barneutstyr,"kr 79,90","kr 13,32 per stk",Skap og Skufflås,6 stk
6,clas-ohlson,barneutstyr,"kr 499,90","kr 499,90 per stk",Trådløst headsett,"For barn, Rosa, 1 stk"
7,clas-ohlson,barneutstyr,"kr 499,90","kr 499,90 per stk",Trådløst headsett,"For barn, Blå, 1 stk"
0,clas-ohlson,batteri,"kr 39,90","kr 3,99 per stk",Co-batteri AA,"LR06, 10 stk"
1,clas-ohlson,batteri,"kr 89,90","kr 17,98 per stk",Lithiumbatteri Cr2025,5 stk
2,clas-ohlson,batteri,"kr 89,90","kr 17,98 per stk",Lithiumbatteri Cr2032,5 stk
3,clas-ohlson,batteri,"kr 29,90","kr 29,90 per stk",Co-batteri 9v,1 stk
4,clas-ohlson,batteri,"kr 29,90","kr 14,95 per stk",Co-batteri D/LR20,2 stk
5,clas-ohlson,batteri,"kr 59,90","kr 9,98 per stk",Høreapparatbatteri 13,6 stk
6,clas-ohlson,batteri,"kr 59,90","kr 9,98 per stk",Høreapparatbatteri 312,6 stk
7,clas-ohlson,batteri,"kr 149,90","kr 6,25 per stk",Alkalisk Batteri AAA,"24 stk, 24 stk"
8,clas-ohlson,batteri,"kr 149,90","kr 6,25 per stk",Alkalisk Batteri AA,"24 stk, 24 stk"
0,clas-ohlson,dyr-fritid,"kr 49,90","kr 0,62 per stk",Hundeposer Asaklitt,"Bio, 80 stk"
1,clas-ohlson,dyr-fritid,"kr 99,90","kr 99,90 per stk",Klorematte,1 stk
2,clas-ohlson,dyr-fritid,"kr 49,90","kr 49,90 per stk",Katteleke 3-pack,1 stk
3,clas-ohlson,dyr-fritid,"kr 49,90","kr 49,90 per stk",Aktivitetsball for hund,"Liten, 1 stk"
4,clas-ohlson,dyr-fritid,"kr 69,90","kr 69,90 per stk",Aktivitetsball for hund,"Stor, 1 stk"
5,clas-ohlson,dyr-fritid,"kr 199,90","kr 199,90 per stk",Frontlykt sykkel led oppladbar,1 stk
6,clas-ohlson,dyr-fritid,"kr 69,90","kr 69,90 per stk",Hundematskål rustfri,"2 liter, 1 stk"
7,clas-ohlson,dyr-fritid,"kr 129,90","kr 129,90 per par",Isbrodd,"Str 41-44, 1 par"
8,clas-ohlson,dyr-fritid,"kr 139,90","kr 139,90 per stk",Isbrodd,"Str 38-41, 1 stk"
9,clas-ohlson,dyr-fritid,"kr 49,90","kr 49,90 per stk",Lappesaker sykkel,1 stk
10,clas-ohlson,dyr-fritid,"kr 199,90","kr 199,90 per stk",Sykkellås bøyle,1 stk
11,clas-ohlson,dyr-fritid,"kr 59,90","kr 59,90 per stk",Sykkelpumpe,"Med feste og overganger, 1 stk"
0,clas-ohlson,forbruksvarer,"kr 49,90","kr 1,00 per stk",Telys 100% stearin,50 stk
1,clas-ohlson,forbruksvarer,"kr 59,90","kr 5,99 per stk",Avfallsekker 160L,"Ekstra Sterk, 10 stk"
2,clas-ohlson,forbruksvarer,"kr 24,90","kr 1,25 per stk",Avfallsposer med Knytehåndtak,"30L, 20 stk"
3,clas-ohlson,forbruksvarer,"kr 39,90","kr 1,43 per stk",Poseklemmer,28 stk
4,clas-ohlson,forbruksvarer,"kr 69,90","kr 69,90 per stk","Stakefjær 7,5m",1 stk
5,clas-ohlson,forbruksvarer,"kr 129,90","kr 129,90 per stk",Støvsugerpose,"S-bag, C1800, 1 stk"
6,clas-ohlson,forbruksvarer,"kr 34,90","kr 34,90 per stk",Tekstilrulle,1 stk
7,clas-ohlson,forbruksvarer,"kr 29,90","kr 29,90 per stk",Refill Tekstilrulle,1 stk
8,clas-ohlson,forbruksvarer,"kr 99,90","kr 16,65 per stk",Glass med stett,"25cl (klart glass), 6 stk"
9,clas-ohlson,forbruksvarer,"kr 49,90","kr 4,99 per stk",Avfallssekk 125L,"Transparent, 10 stk"
10,clas-ohlson,forbruksvarer,"kr 169,90","kr 169,90 per stk",Vakumposer 2-pack,1 stk
11,clas-ohlson,forbruksvarer,"kr 39,90","kr 39,90 per stk",Klammer til Stiftemaskin 26/6,1 stk
12,clas-ohlson,forbruksvarer,"kr 99,90","kr 5,00 per m",Bobleplast,20 m
13,clas-ohlson,forbruksvarer,"kr 59,90","kr 0,40 per m",Plastfolie storpack,150 m
0,clas-ohlson,hus-hjem,"kr 99,90","kr 99,90 per stk",Oppladbar lighter,1 stk
1,clas-ohlson,hus-hjem,"kr 69,90","kr 8,74 per stk",Kleshenger,"Svart, 8 stk"
2,clas-ohlson,hus-hjem,"kr 199,90","kr 199,90 per stk",Pedalbøtte,"3l, 1 stk"
3,clas-ohlson,hus-hjem,"kr 49,90","kr 49,90 per stk",Regnponcho,"Transparent, 1 stk"
4,clas-ohlson,hus-hjem,"kr 49,90","kr 49,90 per stk",Regnponcho,"Hvit, 1 stk"
5,clas-ohlson,hus-hjem,"kr 179,90","kr 179,90 per stk",Selvheftende baderomskrok,"Krokrekke, 4 kroker, 1 stk"
6,clas-ohlson,hus-hjem,"kr 79,90","kr 79,90 per stk",Dørhenger 4 kroker,"Hvit, 1 stk"
7,clas-ohlson,hus-hjem,"kr 139,90","kr 139,90 per stk",Selvheftende baderomskrok,"Dobbel, 1 stk"
8,clas-ohlson,hus-hjem,"kr 249,90","kr 249,90 per stk",Fjernstrømbryter Nexa 3-pack,1 stk
9,clas-ohlson,hus-hjem,"kr 169,90","kr 169,90 per stk",4-veis grenuttak med USB,"1.4m, 1 stk"
10,clas-ohlson,hus-hjem,"kr 49,90","kr 49,90 per stk","Grenuttak 3-veis, jord",1 stk
11,clas-ohlson,hus-hjem,"kr 59,90","kr 59,90 per stk",Skjøteledning 3m med jord,1 stk
12,clas-ohlson,hus-hjem,"kr 199,90","kr 99,95 per stk",Optisk brannvarsler,2 stk
13,clas-ohlson,hus-hjem,"kr 39,90","kr 39,90 per stk",Limpatroner 7x100mm,"Transparent, 1 stk"
14,clas-ohlson,hus-hjem,"kr 199,90","kr 199,90 per stk",Lommelykt led focus,1 stk
15,clas-ohlson,hus-hjem,"kr 299,90","kr 299,90 per stk",Nøkkelskap m/kombinasjonslås,"Værbestandig, 1 stk"
16,clas-ohlson,hus-hjem,"kr 79,90","kr 79,90 per stk",Paraply kompakt 103cm svart,1 stk
17,clas-ohlson,hus-hjem,"kr 29,90","kr 29,90 per stk",Penselsett svart,1 stk
18,clas-ohlson,hus-hjem,"kr 79,90","kr 79,90 per stk","Termometer ute/inne 1,5m kabel",1 stk
19,clas-ohlson,hus-hjem,"kr 169,90","kr 169,90 per stk",Trådløs termometer ute/inne,1 stk
20,clas-ohlson,hus-hjem,"kr 159,90","kr 159,90 per stk",Toalettbørste rustfri,1 stk
21,clas-ohlson,hus-hjem,"kr 499,90","kr 499,90 per stk",Trådløs brannvarsler 2-pack,1 stk
22,clas-ohlson,hus-hjem,"kr 499,90","kr 499,90 per stk",Skotørker 4 slanger hengende,1 stk
23,clas-ohlson,hus-hjem,"kr 249,90","kr 249,90 per stk",Vifteovn 2000w,1 stk
24,clas-ohlson,hus-hjem,"kr 599,00","kr 599,00 per stk",Vifteovn Mill 1800w,1 stk
25,clas-ohlson,hus-hjem,"kr 239,90","kr 239,90 per stk",Dusjkurv,"hjørne sugekopp krom, 1 stk"
26,clas-ohlson,hus-hjem,"kr 279,90","kr 279,90 per stk",Pedalbøtte softclose,"5L hvit, 1 stk"
27,clas-ohlson,hus-hjem,"kr 279,90","kr 279,90 per stk",Pedalbøtte softclose,"5L svart, 1 stk"
28,clas-ohlson,hus-hjem,"kr 159,90","kr 159,90 per stk",Badekarmatte,"Hvit (70x38cm), 1 stk"
29,clas-ohlson,hus-hjem,"kr 49,90","kr 49,90 per stk",Hengelås,"30mm, 1 stk"
30,clas-ohlson,hus-hjem,"kr 79,90","kr 79,90 per stk",Bildekrok gips Hercules,1 stk
31,clas-ohlson,hus-hjem,"kr 149,90","kr 149,90 per stk",Toalettrullholder,1 stk
32,clas-ohlson,hus-hjem,"kr 179,90","kr 179,90 per stk",Peissett 3 deler sort,1 stk
33,clas-ohlson,hus-hjem,"kr 39,90","kr 39,90 per stk",Dusjnal,"25cm, 1 stk"
34,clas-ohlson,hus-hjem,"kr 69,90","kr 34,95 per stk",Vakumpose roll up,2 stk
35,clas-ohlson,hus-hjem,"kr 59,90","kr 59,90 per stk",Skohorn,"43 cm Tre, 1 stk"
36,clas-ohlson,hus-hjem,"kr 99,90","kr 99,90 per stk",Reiseadapter Europa til USA,1 stk
37,clas-ohlson,hus-hjem,"kr 49,90","kr 16,63 per stk",Flaskebørste,3 stk
38,clas-ohlson,hus-hjem,"kr 69,90","kr 69,90 per stk",Skuffeinnlegg,"antiskli, 1 stk"
39,clas-ohlson,hus-hjem,"kr 69,90","kr 69,90 per stk",Lykt i metall sort 30 cm,1 stk
40,clas-ohlson,hus-hjem,"kr 29,90","kr 2,99 per stk",Silkepapir,"5 farger, 10 stk"
41,clas-ohlson,hus-hjem,"kr 69,90","kr 69,90 per stk",Kodelås,"sølv, 1 stk"
42,clas-ohlson,hus-hjem,"kr 49,90","kr 49,90 per stk",Snøkost med isskrape,1 stk
43,clas-ohlson,hus-hjem,"kr 29,90","kr 29,90 per stk",Sko-oppbevaring 2 i 1,1 stk
44,clas-ohlson,hus-hjem,"kr 99,90","kr 99,90 per stk",Reiseadapter Europa-UK,1 stk
45,clas-ohlson,hus-hjem,"kr 199,90","kr 199,90 per stk",Frontlykt sykkel led oppladbar,1 stk
46,clas-ohlson,hus-hjem,"kr 179,90","kr 179,90 per stk",Speil med forstørrelse og lys,1 stk
47,clas-ohlson,hus-hjem,"kr 139,90","kr 139,90 per stk",Dusjkurv med krok krom,1 stk
48,clas-ohlson,hus-hjem,"kr 699,00","kr 699,00 per stk",Philips Steam & Go Steamer,"GC350/40, 1 stk"
49,clas-ohlson,hus-hjem,"kr 199,90","kr 199,90 per stk",Spade med teleskop,1 stk
50,clas-ohlson,hus-hjem,"kr 99,90","kr 5,00 per m",Bobleplast,20 m
0,clas-ohlson,jul-fra-clas-ohlson,"kr 99,90","kr 99,90 per stk",Toppstjerne med fjernkontroll,1 stk
1,clas-ohlson,jul-fra-clas-ohlson,"kr 69,90","kr 69,90 per stk",Julestrømpe rød og hvit,1 stk
2,clas-ohlson,jul-fra-clas-ohlson,"kr 99,90","kr 99,90 per stk",Diodeslynge 40l Varmhvit Svart,1 stk
3,clas-ohlson,jul-fra-clas-ohlson,"kr 119,90","kr 2,22 per stk",Juletrekuler,"rød-mix, 54 stk"
4,clas-ohlson,jul-fra-clas-ohlson,"kr 399,90","kr 399,90 per stk",Digital  LED Strip Light,"Til innendørs bruk, 3meter, 1 stk"
5,clas-ohlson,jul-fra-clas-ohlson,"kr 499,90","kr 499,90 per stk",Oneblade Face + Body Elektrisk Barberhøvel,"QP 2620/20, 1 stk"
6,clas-ohlson,jul-fra-clas-ohlson,"kr 299,90","kr 299,90 per stk",Juletrebelysning Trådløs med Fjernkontroll,"16 lys, 1 stk"
7,clas-ohlson,jul-fra-clas-ohlson,"kr 159,90","kr 79,95 per stk",Kronelys Led,"25cm, 2-pk, 2 stk"
8,clas-ohlson,jul-fra-clas-ohlson,"kr 149,90","kr 6,25 per stk",Alkalisk Batteri AAA,"24 stk, 24 stk"
9,clas-ohlson,jul-fra-clas-ohlson,"kr 119,90","kr 119,90 per stk",Nissedrakt 5-deler,1 stk
10,clas-ohlson,jul-fra-clas-ohlson,"kr 24,90","kr 12,45 per stk",Fakler,2 stk
11,clas-ohlson,jul-fra-clas-ohlson,"kr 149,90","kr 149,90 per stk",Spillende Nisse 18cm,1 stk
12,clas-ohlson,jul-fra-clas-ohlson,"kr 19,90","kr 0,80 per stk",Juleetiketter På Rull,25 stk
13,clas-ohlson,jul-fra-clas-ohlson,"kr 49,90","kr 1,00 per stk",Telys 100% stearin,50 stk
14,clas-ohlson,jul-fra-clas-ohlson,"kr 149,90","kr 6,25 per stk",Alkalisk Batteri AA,"24 stk, 24 stk"
0,clas-ohlson,kjokken,"kr 19,90","kr 19,90 per stk","Matboks 1,2l Transparent",1 stk
1,clas-ohlson,kjokken,"kr 44,90","kr 44,90 per stk",Matboks Glass,"0.33l, 1 stk"
2,clas-ohlson,kjokken,"kr 79,90","kr 79,90 per stk",Matboks Glass,"1,5l, 1 stk"
3,clas-ohlson,kjokken,"kr 49,90","kr 49,90 per stk",Matboks Glass,"0,8l, 1 stk"
4,clas-ohlson,kjokken,"kr 24,90","kr 24,90 per stk",Kjøleskapsoppbevaring XS,1 stk
5,clas-ohlson,kjokken,"kr 34,90","kr 34,90 per stk",Kjøleskapsoppbevaring S,1 stk
6,clas-ohlson,kjokken,"kr 59,90","kr 59,90 per stk",Kjøleskapsoppbevaring M,1 stk
7,clas-ohlson,kjokken,"kr 14,90","kr 14,90 per stk",Klart lokk,"til kjøleskapoppbevaring XS, 1 stk"
8,clas-ohlson,kjokken,"kr 29,90","kr 29,90 per stk",Klart lokk,"til kjøleskapoppbevaring S, 1 stk"
9,clas-ohlson,kjokken,"kr 29,90","kr 29,90 per stk",Klart lokk,"til kjøleskapoppbevaring M, 1 stk"
10,clas-ohlson,kjokken,"kr 29,90","kr 29,90 per stk",Bambus lokk,"til kjøleskapoppbevaring XS, 1 stk"
11,clas-ohlson,kjokken,"kr 39,90","kr 39,90 per stk",Bambus lokk,"til kjøleskapoppbevaring S, 1 stk"
12,clas-ohlson,kjokken,"kr 59,90","kr 59,90 per stk",Bambus lokk,"til kjøleskapoppbevaring M, 1 stk"
13,clas-ohlson,kjokken,"kr 49,90","kr 49,90 per stk",Kjøleskapsoppbevaring for bokser,1 stk
14,clas-ohlson,kjokken,"kr 79,90","kr 79,90 per stk",Kjøleskapsoppbevaring for egg,1 stk
15,clas-ohlson,kjokken,"kr 39,90","kr 39,90 per stk",Kjøleskapsoppbevaring for flaske,1 stk
16,clas-ohlson,kjokken,"kr 399,90","kr 399,90 per stk",Bestikksett 24 deler,"Gullfarge, 1 stk"
17,clas-ohlson,kjokken,"kr 199,90","kr 199,90 per stk",Kokkekniv Coline 20cm,1 stk
18,clas-ohlson,kjokken,"kr 99,90","kr 99,90 per stk",Skrellekniv 9cm,"Capere, 1 stk"
19,clas-ohlson,kjokken,"kr 199,90","kr 199,90 per stk",Brødkniv 20cm,1 stk
20,clas-ohlson,kjokken,"kr 139,90","kr 139,90 per stk",Kniver 4-pack,1 stk
21,clas-ohlson,kjokken,"kr 199,90","kr 199,90 per stk",Gryte 1.5l rustfri coline,1 stk
22,clas-ohlson,kjokken,"kr 299,90","kr 299,90 per stk",Gryte 3.0l rustfri coline,1 stk
23,clas-ohlson,kjokken,"kr 199,90","kr 199,90 per stk",Kasserolle Diamant,"1.3l, 1 stk"
24,clas-ohlson,kjokken,"kr 349,90","kr 349,90 per stk",Kasserolle Diamant,"2.5l, 1 stk"
25,clas-ohlson,kjokken,"kr 19,90","kr 19,90 per stk",Isbitform 16 biter,1 stk
26,clas-ohlson,kjokken,"kr 99,90","kr 99,90 per stk",Kjevle bøk,1 stk
27,clas-ohlson,kjokken,"kr 129,90","kr 129,90 per stk",Muffinsform 12 Cups Coline,1 stk
28,clas-ohlson,kjokken,"kr 119,90","kr 119,90 per stk",Springform Coline,"24 cm, 1 stk"
29,clas-ohlson,kjokken,"kr 169,90","kr 169,90 per stk",Ovnsform Med Lokk,1 stk
30,clas-ohlson,kjokken,"kr 99,90","kr 99,90 per stk",Langform Coline,1 stk
31,clas-ohlson,kjokken,"kr 39,90","kr 39,90 per stk",Ostehøvel Coline,1 stk
32,clas-ohlson,kjokken,"kr 39,90","kr 39,90 per stk","Potetskreller ""Jonas""",1 stk
33,clas-ohlson,kjokken,"kr 99,90","kr 33,30 per stk",Saksesett,3 stk
34,clas-ohlson,kjokken,"kr 199,90","kr 199,90 per stk",Steketermometer Coline,1 stk
35,clas-ohlson,kjokken,"kr 69,90","kr 69,90 per stk",Bokseåpner,1 stk
36,clas-ohlson,kjokken,"kr 99,90","kr 16,65 per stk",Drikkeglass,"32cl (klart glass), 6 stk"
37,clas-ohlson,kjokken,"kr 49,90","kr 49,90 per stk",Ekstra blad komfyr og glass-skrape,1 stk
38,clas-ohlson,kjokken,"kr 269,90","kr 269,90 per stk",Epleskreller,1 stk
39,clas-ohlson,kjokken,"kr 79,90","kr 19,98 per stk",Glasskrukker,4 stk
40,clas-ohlson,kjokken,"kr 99,90","kr 99,90 per stk",Ildfastform oval,"35 x 24 x 7 cm, 1 stk"
41,clas-ohlson,kjokken,"kr 49,90","kr 49,90 per stk",Kaffemål metall,1 stk
42,clas-ohlson,kjokken,"kr 59,90","kr 14,98 per stk",Kjøkkenhåndkle Grå/hvit,4 stk
43,clas-ohlson,kjokken,"kr 69,90","kr 23,30 per stk",Kjøkkenredskaper bøk,"30cm lende, 3 stk"
44,clas-ohlson,kjokken,"kr 1198,00","kr 1198,00 per stk",Knivblokk med 5 Kniver,"Sort tre, 1 stk"
45,clas-ohlson,kjokken,"kr 129,90","kr 129,90 per stk",Knivsliper,1 stk
46,clas-ohlson,kjokken,"kr 79,90","kr 79,90 per stk",Korketrekker,1 stk
47,clas-ohlson,kjokken,"kr 49,90","kr 24,95 per stk",Korkunderlag,2 stk
48,clas-ohlson,kjokken,"kr 59,90","kr 59,90 per stk",Litermål,1 stk
49,clas-ohlson,kjokken,"kr 99,90","kr 24,98 per stk",Målesett,"Milliliter, 4 stk"
50,clas-ohlson,kjokken,"kr 39,90","kr 39,90 per stk",Pizzakutter,1 stk
51,clas-ohlson,kjokken,"kr 269,90","kr 269,90 per stk",Plastfolieautomat,1 stk
52,clas-ohlson,kjokken,"kr 39,90","kr 39,90 per stk",Potetskreller,1 stk
53,clas-ohlson,kjokken,"kr 199,90","kr 199,90 per stk",Sitruspresse,1 stk
54,clas-ohlson,kjokken,"kr 49,90","kr 49,90 per stk",Spiralvisp,1 stk
55,clas-ohlson,kjokken,"kr 59,90","kr 59,90 per stk",Stekefolie Nonstick,1 stk
56,clas-ohlson,kjokken,"kr 49,90","kr 49,90 per stk",Stekespade rustfritt stål,"29cm, 1 stk"
57,clas-ohlson,kjokken,"kr 179,90","kr 179,90 per stk",Struspresse Coline,1 stk
58,clas-ohlson,kjokken,"kr 99,90","kr 24,98 per stk",Sugerør metall,"Gullfarget med børste, 4 stk"
59,clas-ohlson,kjokken,"kr 149,90","kr 149,90 per stk",Termoskanne 1 liter svart,1 stk
60,clas-ohlson,kjokken,"kr 39,90","kr 39,90 per stk",Tesil med klype,1 stk
61,clas-ohlson,kjokken,"kr 99,90","kr 99,90 per stk",Timer,"Mekanisk til kjøkken, 1 stk"
0,clas-ohlson,kjokkenmaskiner,"kr 499,90","kr 499,90 per stk",Vaffeljern,"Dobbel, 1 stk"
1,clas-ohlson,kjokkenmaskiner,"kr 799,00","kr 799,00 per stk",Kaffetrakter Coline Svart,1 stk
2,clas-ohlson,kjokkenmaskiner,"kr 249,90","kr 249,90 per stk",Presskanne Bistro Nouveau,"3 kopper, 1 stk"
3,clas-ohlson,kjokkenmaskiner,"kr 299,90","kr 299,90 per stk",Vannkoker,"1.0L, Rustfri, 1 stk"
4,clas-ohlson,kjokkenmaskiner,"kr 129,90","kr 129,90 per stk",Vannkoker,"1.7l, Svart, 1 stk"
5,clas-ohlson,kjokkenmaskiner,"kr 199,90","kr 199,90 per stk","Stavmikser, Svart",1 stk
6,clas-ohlson,kjokkenmaskiner,"kr 499,90","kr 499,90 per stk",Blender Electrolux Esb2300,1 stk
7,clas-ohlson,kjokkenmaskiner,"kr 499,90","kr 499,90 per stk",Smørbrødgrill Krups,1 stk
8,clas-ohlson,kjokkenmaskiner,"kr 169,90","kr 169,90 per stk",Brødrister 2 skiver,"Svart, 1 stk"
9,clas-ohlson,kjokkenmaskiner,"kr 499,90","kr 499,90 per stk",Håndmikser Bosch,1 stk
10,clas-ohlson,kjokkenmaskiner,"kr 199,90","kr 199,90 per stk",Håndmikser Hvit,1 stk
11,clas-ohlson,kjokkenmaskiner,"kr 599,00","kr 599,00 per stk",Kaffekvern,"Molino, 1 stk"
12,clas-ohlson,kjokkenmaskiner,"kr 799,00","kr 799,00 per stk",Luftfrityrkoker,1 stk
13,clas-ohlson,kjokkenmaskiner,"kr 1390,00","kr 1390,00 per stk",Blender Bosch silentmix pro,1 stk
14,clas-ohlson,kjokkenmaskiner,"kr 99,90","kr 227,05 per l",Sodastream 7Up Free Sitron,"Konsentrat, 440 ml"
15,clas-ohlson,kjokkenmaskiner,"kr 99,90","kr 227,05 per l",Sodastream 7Up Sitron,"Konsentrat, 440 ml"
16,clas-ohlson,kjokkenmaskiner,"kr 99,90","kr 227,05 per l",Sodastream Mirinda Appelsin,"Konsentrat, 440 ml"
17,clas-ohlson,kjokkenmaskiner,"kr 99,90","kr 227,05 per l",Sodastream Pepsi Cola,"Konsentrat, 440 ml"
18,clas-ohlson,kjokkenmaskiner,"kr 399,90","kr 399,90 per stk",Vannkoker Coline Sort,1 stk
19,clas-ohlson,kjokkenmaskiner,"kr 998,00","kr 998,00 per stk",Slow Cooker Electrolux Esc7400,"6,8 liter, 1 stk"
0,clas-ohlson,kontorartikler,"kr 39,90","kr 39,90 per stk",Kopipapir A4 500 ark,1 stk
1,clas-ohlson,kontorartikler,"kr 59,90","kr 59,90 per stk",Notiskube 400 Ark,1 stk
2,clas-ohlson,kontorartikler,"kr 39,90","kr 13,30 per stk",Collegeblokk A4 Linjer,3 stk
3,clas-ohlson,kontorartikler,"kr 39,90","kr 13,30 per stk",Collegeblokk A4 Ruter,3 stk
4,clas-ohlson,kontorartikler,"kr 39,90","kr 13,30 per stk",Collegeblokk A5 Linjert,3 stk
5,clas-ohlson,kontorartikler,"kr 39,90","kr 13,30 per stk",Collegeblokk A5 Rutet,3 stk
6,clas-ohlson,kontorartikler,"kr 29,90","kr 29,90 per stk",Limstift 21 G,1 stk
7,clas-ohlson,kontorartikler,"kr 39,90","kr 39,90 per stk",Teipdispenser M/teip,1 stk
8,clas-ohlson,kontorartikler,"kr 99,90","kr 99,90 per stk",Gaffateip Basic Mattsvart,1 stk
9,clas-ohlson,kontorartikler,"kr 99,90","kr 99,90 per stk",Lesebrille + 1.50,1 stk
10,clas-ohlson,kontorartikler,"kr 99,90","kr 99,90 per stk",Lesebrille + 2.00,1 stk
11,clas-ohlson,kontorartikler,"kr 99,90","kr 99,90 per stk",Lesebrille + 2.50,1 stk
12,clas-ohlson,kontorartikler,"kr 39,90","kr 39,90 per stk",Brilleservietter,1 stk
13,clas-ohlson,kontorartikler,"kr 59,90","kr 59,90 per stk",Stiftemaskin,"For 26/6 klammer, 1 stk"
14,clas-ohlson,kontorartikler,"kr 79,90","kr 79,90 per stk",Hullemaskin,"30 ark, 1 stk"
15,clas-ohlson,kontorartikler,"kr 59,90","kr 5,99 per stk",Boblepose,"180x265mm, 10 stk"
16,clas-ohlson,kontorartikler,"kr 69,90","kr 69,90 per stk",Notismix,"8 deler, 1 stk"
17,clas-ohlson,kontorartikler,"kr 69,90","kr 69,90 per stk",Kalkulator,1 stk
18,clas-ohlson,kontorartikler,"kr 49,90","kr 4,99 per stk",Boblepose,"215x120mm, 10 stk"
19,clas-ohlson,kontorartikler,"kr 69,90","kr 6,99 per stk",Boblepose,"360x270mm, 10 stk"
20,clas-ohlson,kontorartikler,"kr 69,90","kr 69,90 per stk",Memotavle med penn,1 stk
21,clas-ohlson,kontorartikler,"kr 39,90","kr 39,90 per stk",Klammer til Stiftemaskin 26/6,1 stk
22,clas-ohlson,kontorartikler,"kr 89,90","kr 89,90 per stk",Id kortholder med jojo,1 stk
23,clas-ohlson,kontorartikler,"kr 99,90","kr 5,00 per m",Bobleplast,20 m
0,clas-ohlson,leker,"kr 99,90","kr 4,16 per stk",Fargeblyanter FSC,24 stk
1,clas-ohlson,leker,"kr 399,90","kr 399,90 per stk",Drone X15A,1 stk
2,clas-ohlson,leker,"kr 169,90","kr 169,90 per stk",Rubiks Kube,1 stk
3,clas-ohlson,leker,"kr 49,90","kr 49,90 per stk",Maxi-yatzy,1 stk
4,clas-ohlson,leker,"kr 39,90","kr 39,90 per stk",Kortstokk,1 stk
5,clas-ohlson,leker,"kr 199,90","kr 199,90 per stk",Kasseapparat av tre,1 stk
6,clas-ohlson,leker,"kr 299,90","kr 299,90 per stk",Traktor med dyr,1 stk
7,clas-ohlson,leker,"kr 699,00","kr 699,00 per stk",Gravitrax Startsett,"Årets leke i 2019, 1 stk"
0,clas-ohlson,lyspaerer-og-belysning,"kr 69,90","kr 34,95 per stk",LED-pære E27,"6w, 2 stk"
1,clas-ohlson,lyspaerer-og-belysning,"kr 69,90","kr 34,95 per stk",LED-pære E14,"2w, Illum, 136lm, 2 stk"
2,clas-ohlson,lyspaerer-og-belysning,"kr 39,90","kr 39,90 per stk",Illumpære led E14 2W 136lm,1 stk
3,clas-ohlson,lyspaerer-og-belysning,"kr 99,90","kr 99,90 per stk","Led Osram Gu10 Dimbar 4,1w 230 Lm",1 stk
4,clas-ohlson,lyspaerer-og-belysning,"kr 79,90","kr 39,95 per stk",LED-pære GU10,"4w, 230lm, 2 stk"
5,clas-ohlson,lyspaerer-og-belysning,"kr 699,00","kr 699,00 per stk",Philips Wake-up light,1 stk
6,clas-ohlson,lyspaerer-og-belysning,"kr 69,90","kr 69,90 per stk",Lykt i metall sort 30 cm,1 stk
7,clas-ohlson,lyspaerer-og-belysning,"kr 399,90","kr 399,90 per stk",Digital  LED Strip Light,"Til innendørs bruk, 3meter, 1 stk"
8,clas-ohlson,lyspaerer-og-belysning,"kr 99,90","kr 99,90 per stk",Diodeslynge 40l Varmhvit Svart,1 stk
9,clas-ohlson,lyspaerer-og-belysning,"kr 299,90","kr 299,90 per stk",Juletrebelysning Trådløs med Fjernkontroll,"16 lys, 1 stk"
10,clas-ohlson,lyspaerer-og-belysning,"kr 159,90","kr 79,95 per stk",Kronelys Led,"25cm, 2-pk, 2 stk"
11,clas-ohlson,lyspaerer-og-belysning,"kr 24,90","kr 12,45 per stk",Fakler,2 stk
0,clas-ohlson,elektronikk,"kr 499,90","kr 499,90 per stk",Værstasjon med fargeskjerm,1 stk
1,clas-ohlson,elektronikk,"kr 549,00","kr 549,00 per stk",Google Home Mini Hvit,1 stk
2,clas-ohlson,elektronikk,"kr 159,90","kr 159,90 per stk",Synkkabel Lightning hvit,"iPod/iPhone/iPad, 1 stk"
3,clas-ohlson,elektronikk,"kr 149,90","kr 149,90 per stk",Synkkabel Micro-USB,"Hvit, 1 stk"
4,clas-ohlson,elektronikk,"kr 99,90","kr 99,90 per stk",Powerbank 3350 mAh,1 stk
5,clas-ohlson,elektronikk,"kr 399,90","kr 399,90 per stk",Powerbank Usb-c 10050mah,1 stk
6,clas-ohlson,elektronikk,"kr 199,90","kr 199,90 per stk",USB-lader Lightning 230v,"iPod/iPhone/iPad, 1 stk"
7,clas-ohlson,elektronikk,"kr 299,90","kr 299,90 per stk",Usb-c Til Hdmi-adapter,1 stk
8,clas-ohlson,elektronikk,"kr 199,90","kr 199,90 per stk",Lightning V-lader 12v,"iPod/iPhone/iPad, 1 stk"
9,clas-ohlson,elektronikk,"kr 159,90","kr 159,90 per stk",Micro USB-lader 230V,"1m, sort, 1 stk"
10,clas-ohlson,elektronikk,"kr 199,90","kr 199,90 per stk",USB-A til USB-C-kabel,"1,8m, 1 stk"
11,clas-ohlson,elektronikk,"kr 349,90","kr 349,90 per stk",Mini-DisplayPort til HDMI-adapter,1 stk
12,clas-ohlson,elektronikk,"kr 199,90","kr 199,90 per stk",HDMI-kabel,"2 meter, 1 stk"
13,clas-ohlson,elektronikk,"kr 119,90","kr 119,90 per stk",Hodetelefon med mikrofon,"Svart, 1 stk"
14,clas-ohlson,elektronikk,"kr 159,90","kr 159,90 per stk",12v USB Lader Micro-USB,1 stk
15,clas-ohlson,elektronikk,"kr 139,90","kr 139,90 per stk",Trådløs mus,1 stk
16,clas-ohlson,elektronikk,"kr 249,90","kr 249,90 per stk",Trådløst tastatur og mus,1 stk
17,clas-ohlson,elektronikk,"kr 199,90","kr 199,90 per stk",Frontlykt sykkel led oppladbar,1 stk
18,clas-ohlson,elektronikk,"kr 99,90","kr 99,90 per stk",Reiseadapter Europa til USA,1 stk
19,clas-ohlson,elektronikk,"kr 99,90","kr 99,90 per stk",Reiseadapter Europa-UK,1 stk
20,clas-ohlson,elektronikk,"kr 299,90","kr 299,90 per stk",Wifi smartplug,1 stk
0,clas-ohlson,personlig-pleie,"kr 219,90","kr 219,90 per stk",Personvekt Svart,1 stk
1,clas-ohlson,personlig-pleie,"kr 299,90","kr 299,90 per stk",Tannbørste Frozen,1 stk
2,clas-ohlson,personlig-pleie,"kr 199,90","kr 49,98 per stk",Børstehode Frozen,4 stk
3,clas-ohlson,personlig-pleie,"kr 199,90","kr 49,98 per stk",Børstehode Star Wars,4 stk
4,clas-ohlson,personlig-pleie,"kr 998,00","kr 998,00 per stk",Eltannbørste Oral B Smart 4200S,1 stk
5,clas-ohlson,personlig-pleie,"kr 549,00","kr 549,00 per stk",Hårføner,"Keratin, 1 stk"
6,clas-ohlson,personlig-pleie,"kr 349,90","kr 349,90 per stk",Elektrisk Barberhøvel Oneblade,1 stk
7,clas-ohlson,personlig-pleie,"kr 199,90","kr 199,90 per stk",Nese/ørehårtrimmer,"Philips 115, 1 stk"
8,clas-ohlson,personlig-pleie,"kr 29,90","kr 398,67 per l",Balsam Lyko Vegan,75 ml
9,clas-ohlson,personlig-pleie,"kr 29,90","kr 398,67 per l",Dusjsåpe Lyko Vegan,75 ml
10,clas-ohlson,personlig-pleie,"kr 29,90","kr 29,90 per stk",Leppepomade Lyko Vegan,"Nøytral, 1 stk"
11,clas-ohlson,personlig-pleie,"kr 29,90","kr 398,67 per l",Shampo Lyko Vegan,75 ml
12,clas-ohlson,personlig-pleie,"kr 99,90","kr 99,90 per stk",Speil,"3x forstørrelse, 1 stk"
13,clas-ohlson,personlig-pleie,"kr 29,90","kr 29,90 per stk",Tørrshampo 75ml vegan,1 stk
14,clas-ohlson,personlig-pleie,"kr 599,00","kr 599,00 per stk",Eltannbørste Oral-b Pro 2300,1 stk
15,clas-ohlson,personlig-pleie,"kr 499,90","kr 499,90 per stk",Oneblade Face + Body Elektrisk Barberhøvel,"QP 2620/20, 1 stk"
0,clas-ohlson,rengjoring,"kr 329,90","kr 329,90 per stk",Håndstøvsuger,"7,2V, 1 stk"
1,clas-ohlson,rengjoring,"kr 149,90","kr 149,90 per stk",Nuppefjerner,1 stk
2,clas-ohlson,rengjoring,"kr 39,90","kr 1,66 per stk",Klesklyper Tre,24 stk
3,clas-ohlson,rengjoring,"kr 49,90","kr 24,95 per stk",Oppvaskmaskinrens,2 stk
4,clas-ohlson,rengjoring,"kr 49,90","kr 24,95 per stk",Vaskemaskinrens,2 stk
5,clas-ohlson,rengjoring,"kr 349,90","kr 349,90 per stk",Strykejern Coline,1 stk
6,clas-ohlson,rengjoring,"kr 599,00","kr 599,00 per stk",Strykejern Philips Gc2994,1 stk
7,clas-ohlson,rengjoring,"kr 99,90","kr 99,90 per stk",Avisningsklut fryser,1 stk
8,clas-ohlson,rengjoring,"kr 59,90","kr 59,90 per stk",Feiesett,1 stk
9,clas-ohlson,rengjoring,"kr 49,90","kr 16,63 per stk",Flaskebørste,3 stk
10,clas-ohlson,rengjoring,"kr 59,90","kr 14,98 per stk",Kjøkkenhåndkle Grå/hvit,4 stk
11,clas-ohlson,rengjoring,"kr 49,90","kr 49,90 per stk",Rengjøringsmiddel keramisk topp,1 stk
12,clas-ohlson,rengjoring,"kr 219,90","kr 219,90 per stk",Twinner universal støvsugermunnstykke,1 stk
13,clas-ohlson,rengjoring,"kr 699,00","kr 699,00 per stk",Philips Steam & Go Steamer,"GC350/40, 1 stk"
14,clas-ohlson,rengjoring,"kr 129,90","kr 129,90 per stk",Støvsugerpose,"S-bag, C1800, 1 stk"
0,clas-ohlson,verktoy,"kr 129,90","kr 129,90 per stk",Bitssett 31 deler,"Cotech, 1 stk"
1,clas-ohlson,verktoy,"kr 169,90","kr 169,90 per stk",Hammer 16oz,1 stk
2,clas-ohlson,verktoy,"kr 249,90","kr 249,90 per stk",Heftepistol,"Cs140, Cocraft, 1 stk"
3,clas-ohlson,verktoy,"kr 99,90","kr 0,15 per stk",Klammer Type 140 10mm,650 stk
4,clas-ohlson,verktoy,"kr 119,90","kr 119,90 per stk",Målebånd 5m,"Cocraft, 1 stk"
5,clas-ohlson,verktoy,"kr 149,90","kr 149,90 per stk",Skrue og pluggsett,"670 deler, 1 stk"
6,clas-ohlson,verktoy,"kr 209,90","kr 209,90 per stk",Skrutrekkersett 7 deler,"Cocraft, 1 stk"
7,clas-ohlson,verktoy,"kr 249,90","kr 249,90 per stk",Verktøykasse M/ Verktøy,1 stk
8,clas-ohlson,verktoy,"kr 99,90","kr 399,60 per l",Silikonspray,250 ml
0,iceland,pizza,"kr 34,90","kr 155,11 per kg",Hvitløk & Ost Pizzabrød,225 g
1,iceland,pizza,"kr 32,90","kr 109,67 per kg",Fire Oster Pizza,"Thin & Crispy, 300 g"
2,iceland,pizza,"kr 39,90","kr 122,02 per kg",Ost og Skinke Pizza,"Thin & Crispy, 327 g"
3,iceland,pizza,"kr 32,90","kr 102,81 per kg",Dobbel Pepperoni Pizza,"Thin & Crispy, 320 g"
4,iceland,pizza,"kr 64,90","kr 143,27 per kg",Cheese Feast,"Ostefylt Skorpe, 453 g"
5,iceland,pizza,"kr 64,90","kr 136,63 per kg",Pizza BBQ Meat Feast,"Ostefylt Skorpe, 475 g"
6,iceland,pizza,"kr 54,90","kr 141,13 per kg",Salami & Sausage Pizza,389 g
7,iceland,pizza,"kr 39,90","kr 111,45 per kg",Meat Feast Pizza,"Deep Pan, 358 g"
8,iceland,pizza,"kr 39,90","kr 115,32 per kg",Dobbel Pepperoni Pizza,"Deep Pan, 346 g"
9,iceland,pizza,"kr 97,90","kr 151,78 per kg",Spicy Pepperoni Takeaway Pizza,645 g
0,iceland,ferdigretter,"kr 59,90","kr 79,87 per kg",Kylling & Bacon Pasta,750 g
1,iceland,ferdigretter,"kr 35,90","kr 71,80 per kg",Vegetable Lasagne,500 g
2,iceland,ferdigretter,"kr 42,90","kr 85,80 per kg",Beef Lasagne,500 g
3,iceland,ferdigretter,"kr 79,90","kr 177,56 per kg",Kongereker Alfredo,450 g
4,iceland,ferdigretter,"kr 39,90","kr 79,80 per kg",Kyllingcurry med Ris,500 g
5,iceland,ferdigretter,"kr 39,90","kr 79,80 per kg",Sweet & Sour Kylling med Ris,500 g
0,iceland,middag-og-tilbehor,"kr 29,90","kr 166,11 per kg",Vårruller med And,"10 stk, 180 g"
1,iceland,middag-og-tilbehor,"kr 27,90","kr 87,19 per kg",Vårruller med Grønnsaker,"16 stk, 320 g"
2,iceland,middag-og-tilbehor,"kr 149,00","kr 87,65 per kg",Vårruller med Grønnsaker,"85 stk, 1,7 kg"
3,iceland,middag-og-tilbehor,"kr 169,90","kr 174,26 per kg",Mozzarella Sticks,"65 stk, 975 g"
4,iceland,middag-og-tilbehor,"kr 29,90","kr 398,67 per kg",Oppkuttet Koriander,75 g
5,iceland,middag-og-tilbehor,"kr 29,90","kr 398,67 per kg",Oppkuttet Ingefær,75 g
6,iceland,middag-og-tilbehor,"kr 32,90","kr 329,00 per kg",Oppkuttet Hvitløk,100 g
7,iceland,middag-og-tilbehor,"kr 29,90","kr 398,67 per kg",Oppkuttet Chilli,75 g
8,iceland,middag-og-tilbehor,"kr 69,90","kr 364,06 per kg",No Bull Veganboller,"16 stk, 192 g"
9,iceland,middag-og-tilbehor,"kr 69,90","kr 309,29 per kg",No Bull Burger,"2 stk, 226 g"
10,iceland,middag-og-tilbehor,"kr 39,90","kr 147,78 per kg",Nacho Spicy Bønneburger,"2 stk, 270 g"
11,iceland,middag-og-tilbehor,"kr 39,90","kr 124,69 per kg",Vegetarburgere,"4 stk, 320 g"
12,iceland,middag-og-tilbehor,"kr 94,90","kr 189,80 per kg",Cumberland Sausages,"10 stk, 500 g"
13,iceland,middag-og-tilbehor,"kr 79,90","kr 114,14 per kg",Fiskefilet,"Benfri, Uten skinn, 700 g"
14,iceland,middag-og-tilbehor,"kr 64,90","kr 162,25 per kg",Makrellfilet,"4 stk, Benfri, 400 g"
15,iceland,middag-og-tilbehor,"kr 84,90","kr 192,95 per kg",Torskefilet,"4 stk, 440 g"
16,iceland,middag-og-tilbehor,"kr 89,90","kr 195,43 per kg",Lettrøkt Hysefilet,"4 stk, Benfri, 460 g"
17,iceland,middag-og-tilbehor,"kr 71,90","kr 159,78 per kg",Sugo Alle Vongole,450 g
18,iceland,middag-og-tilbehor,"kr 69,90","kr 142,65 per kg",Yorkshire Pudding,"16 stk, 490 g"
19,iceland,middag-og-tilbehor,"kr 29,90","kr 71,19 per kg",Lyse Frøbriks,"7 stk, 420 g"
20,iceland,middag-og-tilbehor,"kr 29,90","kr 71,19 per kg",Flerkornbriks,"7 stk, 420 g"
21,iceland,middag-og-tilbehor,"kr 34,90","kr 126,91 per kg",Warburtons Crumpets,"6 stk, 275 g"
0,iceland,kaker-dessert-og-iskrem,"kr 54,90","kr 269,12 per kg",Mars Iskrem,"4 stk, 204 g"
1,iceland,kaker-dessert-og-iskrem,"kr 79,90","kr 9,99 per stk",Saftis med Fruktsmak,"8 x 65ml, 520 ml"
2,iceland,kaker-dessert-og-iskrem,"kr 59,90","kr 14,98 per stk",Magnum Mint Iskrem,"4 x 100ml, 400 ml"
3,iceland,kaker-dessert-og-iskrem,"kr 119,00","kr 14,88 per stk",Magnum Classic Iskrem,"8 x 110ml, 880 ml"
4,iceland,kaker-dessert-og-iskrem,"kr 119,00","kr 14,88 per stk",Magnum White Chocolate Iskrem,"8 x 110ml, 880 ml"
5,iceland,kaker-dessert-og-iskrem,"kr 64,90","kr 72,11 per l",Vanilla Iskrem,"0,9 l"
6,iceland,kaker-dessert-og-iskrem,"kr 49,90","kr 109,67 per kg",Ostekake Toffee,455 g
7,iceland,kaker-dessert-og-iskrem,"kr 149,00","kr 259,58 per kg",Bringebær og Pistasj Pavlova,574 g
0,blomster-og-planter,roser,"kr 59,90","kr 4,99 per stk",Roser Mix Varme Farger,"35 cm, 12 stk"
1,blomster-og-planter,roser,"kr 59,90","kr 4,99 per stk",Roser Mix Kalde Farger,"35 cm, 12 stk"
2,blomster-og-planter,roser,"kr 109,00","kr 10,90 per stk",Roser Hvit,"50 cm, 10 stk"
3,blomster-og-planter,roser,"kr 109,90","kr 10,99 per stk",‘Nightingale’ Lilla,"50 cm, 10 stk"
4,blomster-og-planter,roser,"kr 109,00","kr 10,90 per stk",Roser Belle Rose,"50 cm, 10 stk"
0,blomster-og-planter,snittblomster,"kr 62,30","kr 7,79 per stk",Alstromeria Hvit,"45 cm, 8 stk"
1,blomster-og-planter,snittblomster,"kr 169,00","kr 169,00 per stk",Jule-bukett,"50cm, 1 stk"
2,blomster-og-planter,snittblomster,"kr 84,90","kr 28,30 per stk",Liljer Hvit,"45 cm, 3 stk"
3,blomster-og-planter,snittblomster,"kr 62,30","kr 7,79 per stk",Alstromeria Rosa,"45 cm, 8 stk"
4,blomster-og-planter,snittblomster,"kr 62,30","kr 62,30 per stk",Grennellik i forskjellige farger,Ca 30 blomster og 8 stilker
5,blomster-og-planter,snittblomster,"kr 62,30","kr 62,30 per stk",Grøntmix Bukett,"Lederløv, Eucalyptus og Brudeslør (45 cm), 1 stk"
6,blomster-og-planter,snittblomster,"kr 59,90","kr 59,90 per stk",Ruscus,"50cm, 1 stk"
7,blomster-og-planter,snittblomster,"kr 84,90","kr 14,15 per stk",Krysantemum Mix,"45 cm, 6 stk"
0,blomster-og-planter,gronne-planter,"kr 79,90","kr 79,90 per stk",Gummifiken,"20-40 cm høy. 12 cm potte, 1 stk"
1,blomster-og-planter,gronne-planter,"kr 79,90","kr 79,90 per stk",Zamioculas,"20-40 cm høy. 12 cm potte, 1 stk"
2,blomster-og-planter,gronne-planter,"kr 79,90","kr 79,90 per stk",Bambus Monica,"30-40cm høy, 1 stk"
3,blomster-og-planter,gronne-planter,"kr 79,90","kr 79,90 per stk",Fredslilje,"20-40 cm høy. 12 cm potte, 1 stk"
4,blomster-og-planter,gronne-planter,"kr 79,90","kr 79,90 per stk",Dracaena 40cm,"30-40cm høy, 1 stk"
5,blomster-og-planter,gronne-planter,"kr 129,00","kr 129,00 per stk",Aloe Vera,"30cm, 1 stk"
6,blomster-og-planter,gronne-planter,"kr 129,00","kr 129,00 per stk",Monstera,"45cm, 1 stk"
7,blomster-og-planter,gronne-planter,"kr 129,00","kr 129,00 per stk",Sansevieria 'Svigermors Tunge',"40cm, 1 stk"
0,blomster-og-planter,godt-inneklima,"kr 224,00","kr 224,00 per stk",Vannplante og Glassvase Clusia Princess,"25cm, 1 stk"
0,blomster-og-planter,potter-og-vaser,"kr 124,00","kr 124,00 per stk",Vase Konisk 26cm,1 stk
1,blomster-og-planter,potter-og-vaser,"kr 99,90","kr 99,90 per stk",Vase Rund 20cm,1 stk
2,blomster-og-planter,potter-og-vaser,"kr 124,00","kr 124,00 per stk",Vase Sylinder 25cm,1 stk
3,blomster-og-planter,potter-og-vaser,"kr 57,10","kr 57,10 per stk",Potte Hvit Ø 13cm,1 stk
4,blomster-og-planter,potter-og-vaser,"kr 57,10","kr 57,10 per stk",Potte Olivengrønn Matt Ø 12cm,1 stk
5,blomster-og-planter,potter-og-vaser,"kr 57,10","kr 57,10 per stk",Potte Sølvgrå Ø 12cm,1 stk
0,brod-og-frokostblandinger,ferske-brod,"kr 32,90","kr 65,80 per kg",Fine Rundstykker,4 stk
1,brod-og-frokostblandinger,ferske-brod,"kr 49,90","kr 99,80 per kg",Focaccia,"Med Oliven, 500 g"
2,brod-og-frokostblandinger,ferske-brod,"kr 49,90","kr 71,29 per kg",Fransk Surdeigsbrød,1 stk
3,brod-og-frokostblandinger,ferske-brod,"kr 59,90","kr 77,79 per kg",Nybakt Økologisk Speltbrød,1 stk
4,brod-og-frokostblandinger,ferske-brod,"kr 42,50","kr 60,71 per kg",7-kornbrød,1 stk
5,brod-og-frokostblandinger,ferske-brod,"kr 41,40","kr 53,77 per kg",Solsikkebrød,"Ferskt, 1 stk"
6,brod-og-frokostblandinger,ferske-brod,"kr 39,90","kr 66,50 per kg",Ferskt Gulrotbrød,1 stk
7,brod-og-frokostblandinger,ferske-brod,"kr 32,90","kr 54,83 per kg",Steinovnsbakt Brød,1 stk
8,brod-og-frokostblandinger,ferske-brod,"kr 35,20","kr 45,71 per kg",Formbakt Grovbrød,1 stk
9,brod-og-frokostblandinger,ferske-brod,"kr 32,10","kr 41,69 per kg",Havrebrød,"Ferskt, 1 stk"
10,brod-og-frokostblandinger,ferske-brod,"kr 40,90","kr 51,13 per kg",Dansk Rugbrød,1 stk
11,brod-og-frokostblandinger,ferske-brod,"kr 42,90","kr 55,00 per kg",Muslibrød,1 stk
12,brod-og-frokostblandinger,ferske-brod,"kr 34,10","kr 44,29 per kg",Familiebrød,1 stk
13,brod-og-frokostblandinger,ferske-brod,"kr 36,90","kr 67,09 per kg",Steinovnsbakt Loff,550 g
14,brod-og-frokostblandinger,ferske-brod,"kr 31,10","kr 40,39 per kg",Lurebrød,"Helt, 1 stk"
15,brod-og-frokostblandinger,ferske-brod,"kr 40,30","kr 52,34 per kg",Havrebrød,"Oppskåret, 1 stk"
16,brod-og-frokostblandinger,ferske-brod,"kr 42,50","kr 55,19 per kg",Formbakt Grovbrød,"Oppskåret, 1 stk"
17,brod-og-frokostblandinger,ferske-brod,"kr 24,90","kr 37,16 per kg",Grov Kneipp,"Oppskåret, 1 stk"
18,brod-og-frokostblandinger,ferske-brod,"kr 37,30","kr 62,17 per kg",Steinovnsbakt brød,"Oppskåret, 1 stk"
19,brod-og-frokostblandinger,ferske-brod,"kr 47,60","kr 61,82 per kg",Solsikkebrød,"Oppskåret, 1 stk"
20,brod-og-frokostblandinger,ferske-brod,"kr 41,40","kr 53,77 per kg",Familiebrød,"Oppskåret, 1 stk"
21,brod-og-frokostblandinger,ferske-brod,"kr 37,30","kr 48,44 per kg",Lurebrød,"Oppskåret, 1 stk"
22,brod-og-frokostblandinger,ferske-brod,"kr 43,90","kr 58,53 per kg",Tyrolerbrød,"Steinovnsbakt, 1 stk"
23,brod-og-frokostblandinger,ferske-brod,"kr 7,90","kr 12,54 per kg",Loff,"Vår laveste pris, 630 g"
24,brod-og-frokostblandinger,ferske-brod,"kr 7,90","kr 11,79 per kg",Grov Kneipp,1 stk
0,brod-og-frokostblandinger,fersk-smabakst,"kr 59,90","kr 166,39 per kg",Croissant,4 stk
1,brod-og-frokostblandinger,fersk-smabakst,"kr 39,90","kr 221,67 per kg",Croissant,2 stk
2,brod-og-frokostblandinger,fersk-smabakst,"kr 59,90","kr 110,93 per kg",Ferske Hveteboller,4 stk
3,brod-og-frokostblandinger,fersk-smabakst,"kr 49,90","kr 172,07 per kg",Ferske Kanelsnurrer,2 stk
4,brod-og-frokostblandinger,fersk-smabakst,"kr 69,90","kr 120,52 per kg",Ferske Kanelsnurrer,4 stk
5,brod-og-frokostblandinger,fersk-smabakst,"kr 59,90","kr 110,93 per kg",Ferske Boller med Sjokolade,4 stk
6,brod-og-frokostblandinger,fersk-smabakst,"kr 29,90","kr 85,43 per kg",Fersk Fin Baguette,350 g
7,brod-og-frokostblandinger,fersk-smabakst,"kr 29,90","kr 85,43 per kg",Fersk Baguette Med Frø,1 stk
8,brod-og-frokostblandinger,fersk-smabakst,"kr 32,90","kr 65,80 per kg",Fine Rundstykker,4 stk
9,brod-og-frokostblandinger,fersk-smabakst,"kr 69,90","kr 116,50 per kg",Grove Scones,4 stk
10,brod-og-frokostblandinger,fersk-smabakst,"kr 39,90","kr 79,80 per kg",Kornrundstykker,4 stk
11,brod-og-frokostblandinger,fersk-smabakst,"kr 49,90","kr 92,41 per kg",Rosinboller,4 stk
12,brod-og-frokostblandinger,fersk-smabakst,"kr 79,90","kr 133,17 per kg",Nybakt Julebrioche,600 g
13,brod-og-frokostblandinger,fersk-smabakst,"kr 59,90","kr 99,83 per kg",Nybakt Julekake,600 g
0,brod-og-frokostblandinger,langtidsholdbare-brod,"kr 12,80","kr 42,67 per kg",Rundstykker Grove,"6x50g, 300 g"
1,brod-og-frokostblandinger,langtidsholdbare-brod,"kr 63,60","kr 127,20 per kg",Grova,"Glutenfri, 500 g"
2,brod-og-frokostblandinger,langtidsholdbare-brod,"kr 37,00","kr 52,86 per kg",KjerneGodt,700 g
3,brod-og-frokostblandinger,langtidsholdbare-brod,"kr 46,50","kr 42,27 per kg",Rasker,1100 g
4,brod-og-frokostblandinger,langtidsholdbare-brod,"kr 50,30","kr 83,83 per kg",Fullkorn Polarkompis,"16 Stk, 600 g"
5,brod-og-frokostblandinger,langtidsholdbare-brod,"kr 49,40","kr 44,91 per kg",Jättefranska,1100 g
6,brod-og-frokostblandinger,langtidsholdbare-brod,"kr 39,80","kr 61,23 per kg",Lantgodabrød,650 g
7,brod-og-frokostblandinger,langtidsholdbare-brod,"kr 44,20","kr 88,40 per kg",Lingongrova,500 g
8,brod-og-frokostblandinger,langtidsholdbare-brod,"kr 28,00","kr 62,22 per kg",Rosta,450 g
9,brod-og-frokostblandinger,langtidsholdbare-brod,"kr 28,40","kr 56,80 per kg",Rugbrød i Skiver,500 g
10,brod-og-frokostblandinger,langtidsholdbare-brod,"kr 52,20","kr 208,80 per kg",Proteinbrød,250 g
11,brod-og-frokostblandinger,langtidsholdbare-brod,"kr 51,30","kr 205,20 per kg",Pumpernickel,"Økologisk, 250 g"
12,brod-og-frokostblandinger,langtidsholdbare-brod,"kr 19,10","kr 38,20 per kg",Rugbrød,500 g
13,brod-og-frokostblandinger,langtidsholdbare-brod,"kr 17,70","kr 68,08 per kg",Naan Bread,260 g
14,brod-og-frokostblandinger,langtidsholdbare-brod,"kr 17,80","kr 68,46 per kg",Naan Bread Garlic,260 g
15,brod-og-frokostblandinger,langtidsholdbare-brod,"kr 36,80","kr 141,54 per kg",Nirus Håndlagde Nan,260 g
16,brod-og-frokostblandinger,langtidsholdbare-brod,"kr 38,90","kr 149,62 per kg",Nirus Håndlagde Hvitløksnan,260 g
17,brod-og-frokostblandinger,langtidsholdbare-brod,"kr 33,10","kr 137,92 per kg",Naanbrød Original Mini,"4 stk, 240 g"
18,brod-og-frokostblandinger,langtidsholdbare-brod,"kr 33,10","kr 137,92 per kg",Naanbrød Mini med Hvitløk & Koriander,"4 stk, 240 g"
19,brod-og-frokostblandinger,langtidsholdbare-brod,"kr 27,30","kr 45,50 per kg",Minibaguetter Fine,"8x75g, 600 g"
20,brod-og-frokostblandinger,langtidsholdbare-brod,"kr 26,30","kr 43,83 per kg",Minibaguetter Grove,"8x75g, 600 g"
21,brod-og-frokostblandinger,langtidsholdbare-brod,"kr 12,90","kr 43,00 per kg",Rundstykker Fine,"6 x 50g, 300 g"
22,brod-og-frokostblandinger,langtidsholdbare-brod,"kr 16,90","kr 67,60 per kg",Ciabatta 4pk,250 g
23,brod-og-frokostblandinger,langtidsholdbare-brod,"kr 16,80","kr 67,20 per kg",Baguette Fin Steinovnsbakt,250 g
24,brod-og-frokostblandinger,langtidsholdbare-brod,"kr 26,50","kr 6,63 per stk",Ciabatta Grove,4 stk
25,brod-og-frokostblandinger,langtidsholdbare-brod,"kr 31,80","kr 127,20 per kg",Baguette Grov Steinovnsbakt,250 g
26,brod-og-frokostblandinger,langtidsholdbare-brod,"kr 33,10","kr 132,40 per kg",Steinovnsbakte Flerkornsbaguetter,250 g
27,brod-og-frokostblandinger,langtidsholdbare-brod,"kr 14,20","kr 47,33 per kg",Baguetter Fine,300 g
28,brod-og-frokostblandinger,langtidsholdbare-brod,"kr 15,00","kr 50,00 per kg",Baguetter Grove,300 g
29,brod-og-frokostblandinger,langtidsholdbare-brod,"kr 29,90","kr 39,87 per kg","Grovbrød, Lettstekt",750 g
30,brod-og-frokostblandinger,langtidsholdbare-brod,"kr 32,40","kr 48,36 per kg","Frøloff, Lettstekt",670 g
31,brod-og-frokostblandinger,langtidsholdbare-brod,"kr 72,90","kr 145,80 per kg",Fiberbrød,"Glutenfri, 500 g"
32,brod-og-frokostblandinger,langtidsholdbare-brod,"kr 49,80","kr 99,60 per kg",Glutenfri Havrebrød,500 g
33,brod-og-frokostblandinger,langtidsholdbare-brod,"kr 40,00","kr 80,00 per kg",Glutenfri Kornbrød,500 g
34,brod-og-frokostblandinger,langtidsholdbare-brod,"kr 56,90","kr 94,83 per kg",Glutenfri Fiberbrød,600 g
35,brod-og-frokostblandinger,langtidsholdbare-brod,"kr 40,50","kr 81,00 per kg",Loff,"Glutenfri, 500 g"
36,brod-og-frokostblandinger,langtidsholdbare-brod,"kr 52,40","kr 131,00 per kg",Brød Toasty Fiber,"Glutenfri, 400 g"
37,brod-og-frokostblandinger,langtidsholdbare-brod,"kr 53,60","kr 119,11 per kg",Grovbrød Xl,"Glutenfri, 450 g"
38,brod-og-frokostblandinger,langtidsholdbare-brod,"kr 43,80","kr 146,00 per kg",Flerkornbrød,"Glutenfri, 300 g"
39,brod-og-frokostblandinger,langtidsholdbare-brod,"kr 30,90","kr 154,50 per kg",Ciabatta,"Glutenfri, 200 g"
40,brod-og-frokostblandinger,langtidsholdbare-brod,"kr 29,80","kr 149,00 per kg",Ciabatta Rustica,"Glutenfri, 200 g"
41,brod-og-frokostblandinger,langtidsholdbare-brod,"kr 52,40","kr 174,67 per kg",Minibaguetter,"Glutenfri, 300 g"
42,brod-og-frokostblandinger,langtidsholdbare-brod,"kr 49,40","kr 16,47 per stk",Focaccia med Rosmarin,"Glutenfri, 200 g"
43,brod-og-frokostblandinger,langtidsholdbare-brod,"kr 59,80","kr 199,33 per kg",Fiberbaguetter,"Glutenfri, 300 g"
44,brod-og-frokostblandinger,langtidsholdbare-brod,"kr 54,20","kr 180,67 per kg",Landbrød Glutenfri,300 g
45,brod-og-frokostblandinger,langtidsholdbare-brod,"kr 59,80","kr 149,50 per kg",Flerkornbrød,"Glutenfri, 400 g"
46,brod-og-frokostblandinger,langtidsholdbare-brod,"kr 41,90","kr 167,60 per kg",Solsikkebrød Glutenfri,"Økologisk, 250 g"
47,brod-og-frokostblandinger,langtidsholdbare-brod,"kr 52,80","kr 105,60 per kg",Chia Brød,"Skåret, Glutenfri, Fryst, 500 g"
48,brod-og-frokostblandinger,langtidsholdbare-brod,"kr 47,40","kr 94,80 per kg",Spire Brød,"Skåret, Glutenfri, Fryst, 500 g"
49,brod-og-frokostblandinger,langtidsholdbare-brod,"kr 76,40","kr 47,75 per kg",Rå Rotti brød,"25 stk, 1,6 kg"
50,brod-og-frokostblandinger,langtidsholdbare-brod,"kr 36,40","kr 121,33 per kg",Ferdigbakt Grovbrød m Frø Glutenfri,300 g
51,brod-og-frokostblandinger,langtidsholdbare-brod,"kr 32,80","kr 145,78 per kg",Ferdigbakt Lyse Baguetter Glutenfri,225 g
52,brod-og-frokostblandinger,langtidsholdbare-brod,"kr 34,90","kr 155,11 per kg",Fiberbaguette Glutenfri,"3x75g, 225 g"
0,brod-og-frokostblandinger,frosne-brod-og-rundstykker,"kr 32,60","kr 90,56 per kg",Croissant,"6 stk, 360 g"
1,brod-og-frokostblandinger,frosne-brod-og-rundstykker,"kr 19,20","kr 40,00 per kg",Pitabrød,"Fine, 6stk, 480 g"
2,brod-og-frokostblandinger,frosne-brod-og-rundstykker,"kr 44,00","kr 112,82 per kg",Mini Pizzabunn,"6 stk, 390 g"
3,brod-og-frokostblandinger,frosne-brod-og-rundstykker,"kr 16,50","kr 27,50 per kg",Grove Rundstykker,"10stk, 600 g"
4,brod-og-frokostblandinger,frosne-brod-og-rundstykker,"kr 36,00","kr 72,00 per kg",Danske Rundstykker,"10 stk, 500 g"
5,brod-og-frokostblandinger,frosne-brod-og-rundstykker,"kr 36,70","kr 159,57 per kg",Glutenfrie Pitabrød,"2 stk, 230 g"
6,brod-og-frokostblandinger,frosne-brod-og-rundstykker,"kr 43,30","kr 166,54 per kg",Glutenfrie Rundstykker,"4 stk, 260 g"
7,brod-og-frokostblandinger,frosne-brod-og-rundstykker,"kr 48,60","kr 151,88 per kg",Glutenfrie Havrestykker,320 g
8,brod-og-frokostblandinger,frosne-brod-og-rundstykker,"kr 47,90","kr 114,05 per kg",Glutenfrie Fiberrundstykker,"4 stk, 420 g"
9,brod-og-frokostblandinger,frosne-brod-og-rundstykker,"kr 24,00","kr 57,14 per kg",Hatting Fullkorns Møllehjul,420 g
10,brod-og-frokostblandinger,frosne-brod-og-rundstykker,"kr 24,10","kr 60,25 per kg",Grove Pitabrød,400 g
11,brod-og-frokostblandinger,frosne-brod-og-rundstykker,"kr 44,10","kr 84,81 per kg",Grove Fullkornsstykker,520 g
12,brod-og-frokostblandinger,frosne-brod-og-rundstykker,"kr 31,30","kr 77,86 per kg",Grønnsakstykker,"6 stk, 402 g"
13,brod-og-frokostblandinger,frosne-brod-og-rundstykker,"kr 44,00","kr 91,67 per kg",Solsikkestykker,480 g
14,brod-og-frokostblandinger,frosne-brod-og-rundstykker,"kr 25,20","kr 60,00 per kg",Veggen Spelt,"7 stk, 420 g"
15,brod-og-frokostblandinger,frosne-brod-og-rundstykker,"kr 24,00","kr 54,86 per kg",Gourmetstykker,"7stk, 437,5 g"
16,brod-og-frokostblandinger,frosne-brod-og-rundstykker,"kr 34,80","kr 86,57 per kg",Surdeigstykker,"6 stk, 402 g"
17,brod-og-frokostblandinger,frosne-brod-og-rundstykker,"kr 42,10","kr 93,56 per kg",Landbrødstykker,"100% surdeig, 5 stk, 450 g"
18,brod-og-frokostblandinger,frosne-brod-og-rundstykker,"kr 54,40","kr 120,89 per kg",Müslirundstykke,"5 stk, 450 g"
19,brod-og-frokostblandinger,frosne-brod-og-rundstykker,"kr 29,90","kr 71,19 per kg",Flerkornbriks,"7 stk, 420 g"
20,brod-og-frokostblandinger,frosne-brod-og-rundstykker,"kr 29,90","kr 71,19 per kg",Lyse Frøbriks,"7 stk, 420 g"
21,brod-og-frokostblandinger,frosne-brod-og-rundstykker,"kr 39,00","kr 92,86 per kg",Frøstykker,"Økologisk, 6x70g, 420 g"
22,brod-og-frokostblandinger,frosne-brod-og-rundstykker,"kr 36,00","kr 70,59 per kg",Bagels,"6 stk, 510 g"
23,brod-og-frokostblandinger,frosne-brod-og-rundstykker,"kr 27,80","kr 79,43 per kg",Gourmet Hvitløksbaguetter,"2 stk, 350 g"
24,brod-og-frokostblandinger,frosne-brod-og-rundstykker,"kr 39,00","kr 121,88 per kg",Glutenfrie Hamburgerbrød,"4 stk, 320 g"
25,brod-og-frokostblandinger,frosne-brod-og-rundstykker,"kr 38,10","kr 146,54 per kg",Glutenfrie Pølsebrød,"4 stk, 260 g"
26,brod-og-frokostblandinger,frosne-brod-og-rundstykker,"kr 64,40","kr 268,33 per kg",Fine Baguetter,"Glutenfri, 240 g"
27,brod-og-frokostblandinger,frosne-brod-og-rundstykker,"kr 77,80","kr 277,86 per kg",Grove Baguetter,"Glutenfri, 280 g"
28,brod-og-frokostblandinger,frosne-brod-og-rundstykker,"kr 76,80","kr 274,29 per kg",Havrerudstykker,"Glutenfri, 280 g"
29,brod-og-frokostblandinger,frosne-brod-og-rundstykker,"kr 61,90","kr 221,07 per kg",Rundstykker med Valmuefrø,"Glutenfri, 280 g"
30,brod-og-frokostblandinger,frosne-brod-og-rundstykker,"kr 37,00","kr 52,86 per kg",KjerneGodt,700 g
31,brod-og-frokostblandinger,frosne-brod-og-rundstykker,"kr 49,40","kr 44,91 per kg",Jättefranska,1100 g
32,brod-og-frokostblandinger,frosne-brod-og-rundstykker,"kr 46,50","kr 42,27 per kg",Rasker,1100 g
33,brod-og-frokostblandinger,frosne-brod-og-rundstykker,"kr 39,80","kr 61,23 per kg",Lantgodabrød,650 g
34,brod-og-frokostblandinger,frosne-brod-og-rundstykker,"kr 44,20","kr 88,40 per kg",Lingongrova,500 g
35,brod-og-frokostblandinger,frosne-brod-og-rundstykker,"kr 28,00","kr 62,22 per kg",Rosta,450 g
36,brod-og-frokostblandinger,frosne-brod-og-rundstykker,"kr 63,60","kr 127,20 per kg",Grova,"Glutenfri, 500 g"
37,brod-og-frokostblandinger,frosne-brod-og-rundstykker,"kr 69,80","kr 139,60 per kg",Havrebrød,"Glutenfri, 500 g"
38,brod-og-frokostblandinger,frosne-brod-og-rundstykker,"kr 74,40","kr 148,80 per kg",Grovbrød med Surdeig,"Glutenfri, 500 g"
39,brod-og-frokostblandinger,frosne-brod-og-rundstykker,"kr 71,10","kr 142,20 per kg",Loff,"Glutenfri, 500 g"
40,brod-og-frokostblandinger,frosne-brod-og-rundstykker,"kr 72,90","kr 145,80 per kg",Fiberbrød,"Glutenfri, 500 g"
41,brod-og-frokostblandinger,frosne-brod-og-rundstykker,"kr 49,80","kr 99,60 per kg",Glutenfri Havrebrød,500 g
42,brod-og-frokostblandinger,frosne-brod-og-rundstykker,"kr 56,90","kr 94,83 per kg",Glutenfri Fiberbrød,600 g
43,brod-og-frokostblandinger,frosne-brod-og-rundstykker,"kr 40,00","kr 80,00 per kg",Glutenfri Kornbrød,500 g
44,brod-og-frokostblandinger,frosne-brod-og-rundstykker,"kr 40,50","kr 81,00 per kg",Loff,"Glutenfri, 500 g"
45,brod-og-frokostblandinger,frosne-brod-og-rundstykker,"kr 53,60","kr 119,11 per kg",Grovbrød Xl,"Glutenfri, 450 g"
46,brod-og-frokostblandinger,frosne-brod-og-rundstykker,"kr 52,40","kr 131,00 per kg",Brød Toasty Fiber,"Glutenfri, 400 g"
47,brod-og-frokostblandinger,frosne-brod-og-rundstykker,"kr 47,40","kr 94,80 per kg",Spire Brød,"Skåret, Glutenfri, Fryst, 500 g"
48,brod-og-frokostblandinger,frosne-brod-og-rundstykker,"kr 52,80","kr 105,60 per kg",Chia Brød,"Skåret, Glutenfri, Fryst, 500 g"
49,brod-og-frokostblandinger,frosne-brod-og-rundstykker,"kr 38,80","kr 215,56 per kg",Glutenfri Wienertoast,2 stk
50,brod-og-frokostblandinger,frosne-brod-og-rundstykker,"kr 29,50","kr 163,89 per kg",Original Wienertoast,2 stk
51,brod-og-frokostblandinger,frosne-brod-og-rundstykker,"kr 32,60","kr 171,58 per kg",Grov Toast,"Med Kylling & Ramsløk, 2 stk"
52,brod-og-frokostblandinger,frosne-brod-og-rundstykker,"kr 50,30","kr 83,83 per kg",Fullkorn Polarkompis,"16 Stk, 600 g"
53,brod-og-frokostblandinger,frosne-brod-og-rundstykker,"kr 15,00","kr 42,86 per kg",Hvitløksbaguetter,"2 stk, 350 g"
54,brod-og-frokostblandinger,frosne-brod-og-rundstykker,"kr 26,90","kr 35,87 per kg",Miniflutes Fine,"15 stk, 750 g"
55,brod-og-frokostblandinger,frosne-brod-og-rundstykker,"kr 34,10","kr 56,83 per kg",Prima Rundstykker,"10 x 60g, 600 g"
56,brod-og-frokostblandinger,frosne-brod-og-rundstykker,"kr 28,10","kr 46,83 per kg",Miniflutes Fullkorn,"12x50g, 600 g"
57,brod-og-frokostblandinger,frosne-brod-og-rundstykker,"kr 34,90","kr 126,91 per kg",Warburtons Crumpets,"6 stk, 275 g"
58,brod-og-frokostblandinger,frosne-brod-og-rundstykker,"kr 69,90","kr 170,49 per kg",Glutenfritt Grovbrød,1 stk
59,brod-og-frokostblandinger,frosne-brod-og-rundstykker,"kr 89,90","kr 119,87 per kg",Økologiske Grove Baguetter,"Halvstekte, 5 stk"
60,brod-og-frokostblandinger,frosne-brod-og-rundstykker,"kr 29,90","kr 166,11 per kg",Økologiske Pitabrød,"Med Spelt, 2 stk"
0,brod-og-frokostblandinger,knekkebrod,"kr 23,40","kr 45,00 per kg",Wasa Husman,520 g
1,brod-og-frokostblandinger,knekkebrod,"kr 42,70","kr 71,17 per kg",Havre Økonomi,600 g
2,brod-og-frokostblandinger,knekkebrod,"kr 16,80","kr 74,67 per kg",Sport+ Knekkebrød,225 g
3,brod-og-frokostblandinger,knekkebrod,"kr 43,20","kr 3,60 per stk",Knekkebrød Urter & havsalt,12 stk
4,brod-og-frokostblandinger,knekkebrod,"kr 43,20","kr 3,60 per stk",Knekkebrød Original,12 stk
5,brod-og-frokostblandinger,knekkebrod,"kr 38,80","kr 258,67 per kg",Lavkarbo-Knekkebrød,"Glutenfri, 150 g"
6,brod-og-frokostblandinger,knekkebrod,"kr 39,40","kr 197,00 per kg",Knekkebrød med Tomat,"Glutenfri, 200 g"
7,brod-og-frokostblandinger,knekkebrod,"kr 34,80","kr 174,00 per kg",Kornmo Bakte Knekkebrød Chia,200 g
8,brod-og-frokostblandinger,knekkebrod,"kr 32,80","kr 164,00 per kg",Kornmoknekkebrød Havre & Solsikke,200 g
9,brod-og-frokostblandinger,knekkebrod,"kr 50,50","kr 174,14 per kg",Knekkebrød Runde Sesam & Havsalt,290 g
10,brod-og-frokostblandinger,knekkebrod,"kr 26,40","kr 101,54 per kg",Din Stund Chia & Havsalt,260 g
11,brod-og-frokostblandinger,knekkebrod,"kr 49,80","kr 207,50 per kg",Knekkebrød Naturell,"Gluten- og laktosefritt, 240 g"
12,brod-og-frokostblandinger,knekkebrod,"kr 51,40","kr 214,17 per kg",Sesam & Havsalt,"Glutenfri, 240 g"
13,brod-og-frokostblandinger,knekkebrod,"kr 29,40","kr 147,00 per kg",Knekkebrød,"Godt Stekt, 200 g"
14,brod-og-frokostblandinger,knekkebrod,"kr 28,80","kr 144,00 per kg",Knekkebrød,"Normalt Stekt, 200 g"
15,brod-og-frokostblandinger,knekkebrod,"kr 32,20","kr 161,00 per kg",Knekkebrød,"Havre, 200 g"
16,brod-og-frokostblandinger,knekkebrod,"kr 31,60","kr 158,00 per kg",Knekkebrød,"Eple & Kanel, 200 g"
17,brod-og-frokostblandinger,knekkebrod,"kr 31,80","kr 159,00 per kg",Knekkebrød,"Surdeig, 200 g"
18,brod-og-frokostblandinger,knekkebrod,"kr 31,00","kr 163,16 per kg",Knekkebrød,"Havrekli og Bygg, 190 g"
19,brod-og-frokostblandinger,knekkebrod,"kr 38,40","kr 307,20 per kg",Fiberrik Solsikke,125 g
20,brod-og-frokostblandinger,knekkebrod,"kr 15,90","kr 79,50 per kg",Rugsprø Original,200 g
21,brod-og-frokostblandinger,knekkebrod,"kr 16,60","kr 92,22 per kg",Rugsprø Havre,180 g
22,brod-og-frokostblandinger,knekkebrod,"kr 12,80","kr 387,88 per kg",Sandwich Sourcream & Onion,33 g
23,brod-og-frokostblandinger,knekkebrod,"kr 11,40","kr 308,11 per kg",Sandwich Cream Cheese & Gressløk,37 g
24,brod-og-frokostblandinger,knekkebrod,"kr 11,40","kr 380,00 per kg",Sandwich French Herbs,30 g
25,brod-og-frokostblandinger,knekkebrod,"kr 11,40","kr 316,67 per kg",Sandwich Brunost,36 g
26,brod-og-frokostblandinger,knekkebrod,"kr 15,60","kr 390,00 per kg",Sandwich Cheese & Paprika,40 g
27,brod-og-frokostblandinger,knekkebrod,"kr 12,80","kr 320,00 per kg",Sandwich Tomat & Basilikum,40 g
28,brod-og-frokostblandinger,knekkebrod,"kr 15,60","kr 487,50 per kg",Sandwich Hummus,32 g
29,brod-og-frokostblandinger,knekkebrod,"kr 29,80","kr 74,50 per kg",Ryvita Rug,"Knekkebrød, 400 g"
30,brod-og-frokostblandinger,knekkebrod,"kr 38,00","kr 190,00 per kg",Ryvita Muesli Crunch,"Knekkebrød, 200 g"
31,brod-og-frokostblandinger,knekkebrod,"kr 35,50","kr 142,00 per kg",Ryvita Multigrain,"Knekkebrød, 250 g"
32,brod-og-frokostblandinger,knekkebrod,"kr 28,40","kr 113,60 per kg",Ryvita Sesam,"Knekkebrød, 250 g"
33,brod-og-frokostblandinger,knekkebrod,"kr 24,50","kr 98,00 per kg",Ryvita Rug,"Knekkebrød, 250 g"
34,brod-og-frokostblandinger,knekkebrod,"kr 18,90","kr 59,06 per kg",Frukost Fullkorn,320 g
35,brod-og-frokostblandinger,knekkebrod,"kr 39,20","kr 217,78 per kg",Eko Krispig Råg,"Økologisk, 180 g"
36,brod-og-frokostblandinger,knekkebrod,"kr 13,00","kr 50,00 per kg",Husman,260 g
37,brod-og-frokostblandinger,knekkebrod,"kr 19,40","kr 84,35 per kg",Fiber Balance,230 g
38,brod-og-frokostblandinger,knekkebrod,"kr 23,80","kr 83,51 per kg",Delikatess Sesam,285 g
39,brod-og-frokostblandinger,knekkebrod,"kr 23,90","kr 85,36 per kg",Knekkebrød Havre,280 g
40,brod-og-frokostblandinger,knekkebrod,"kr 30,10","kr 62,71 per kg",Frukost Økonomi,480 g
41,brod-og-frokostblandinger,knekkebrod,"kr 15,90","kr 66,25 per kg",Frukost Knekkebrød,240 g
42,brod-og-frokostblandinger,knekkebrod,"kr 44,10","kr 367,50 per kg",Tynnknekke Havre,120 g
43,brod-og-frokostblandinger,knekkebrod,"kr 44,10","kr 367,50 per kg",Tynnknekke Rug,120 g
44,brod-og-frokostblandinger,knekkebrod,"kr 28,40","kr 113,60 per kg",Go'knekke Fiber,250 g
45,brod-og-frokostblandinger,knekkebrod,"kr 22,40","kr 89,60 per kg",Go'knekke Rug,250 g
46,brod-og-frokostblandinger,knekkebrod,"kr 39,80","kr 185,12 per kg",Havreknekkebrød,"Glutenfri, 215 g"
47,brod-og-frokostblandinger,knekkebrod,"kr 24,80","kr 177,14 per kg",Chia Knekkebrød,"Glutenfri, 140 g"
48,brod-og-frokostblandinger,knekkebrod,"kr 32,20","kr 247,69 per kg",Knekkebrød Med Surdeig,"Glutenfri, 130 g"
49,brod-og-frokostblandinger,knekkebrod,"kr 35,80","kr 210,59 per kg",Grovkrisp med Sesamfrø,170 g
50,brod-og-frokostblandinger,knekkebrod,"kr 40,80","kr 240,00 per kg",Frøkrisp,"Økologisk, 170 g"
51,brod-og-frokostblandinger,knekkebrod,"kr 42,20","kr 211,00 per kg",Speltknekkebrød,"Ost, 200 g"
52,brod-og-frokostblandinger,knekkebrod,"kr 37,90","kr 189,50 per kg",Speltknekkebrød,"Frø, 200 g"
53,brod-og-frokostblandinger,knekkebrod,"kr 29,80","kr 238,40 per kg",Friggs Maiskaker Ost,125 g
54,brod-og-frokostblandinger,knekkebrod,"kr 21,10","kr 162,31 per kg",Friggs Maiskaker Chia & Havsalt,130 g
55,brod-og-frokostblandinger,knekkebrod,"kr 11,40","kr 456,00 per kg",Maiskaker Snackpack Cheese,"Glutenfri, 25 g"
56,brod-og-frokostblandinger,knekkebrod,"kr 12,20","kr 488,00 per kg",Maiskaker Snackpack Taco,"Glutenfri, 25 g"
57,brod-og-frokostblandinger,knekkebrod,"kr 9,20","kr 92,00 per kg",Riskaker,100 g
58,brod-og-frokostblandinger,knekkebrod,"kr 17,30","kr 57,67 per kg",Flatbrød,300 g
59,brod-og-frokostblandinger,knekkebrod,"kr 21,40","kr 77,82 per kg",Korni Flatbrød,275 g
60,brod-og-frokostblandinger,knekkebrod,"kr 36,60","kr 70,38 per kg",Flatbrød,"Mors Hjemmebakte, 520 g"
61,brod-og-frokostblandinger,knekkebrod,"kr 39,60","kr 208,42 per kg",Røros-Flatbrød med Tyttebær,190 g
62,brod-og-frokostblandinger,knekkebrod,"kr 35,40","kr 186,32 per kg",Røros-Flatbrød Økologisk,190 g
63,brod-og-frokostblandinger,knekkebrod,"kr 34,80","kr 87,00 per kg",Emma Fullkorn,400 g
64,brod-og-frokostblandinger,knekkebrod,"kr 27,40","kr 91,33 per kg",Fullkorn Skorpe Uten Sukker,300 g
65,brod-og-frokostblandinger,knekkebrod,"kr 31,40","kr 78,50 per kg",Kavring,400 g
66,brod-og-frokostblandinger,knekkebrod,"kr 29,80","kr 149,00 per kg",Crisp Erterflatbrød,200 g
67,brod-og-frokostblandinger,knekkebrod,"kr 28,40","kr 284,00 per kg",GG Superfiber Rug,"Klibrød, 100 g"
68,brod-og-frokostblandinger,knekkebrod,"kr 31,80","kr 3,18 per stk",Papadums,110 g
0,brod-og-frokostblandinger,polse-og-hamburgerbrod-lomper,"kr 29,90","kr 83,06 per kg",Døgnvill Burgerbrød,4 stk
1,brod-og-frokostblandinger,polse-og-hamburgerbrod-lomper,"kr 44,90","kr 44,90 per stk",Glutenfritt Hamburgerbrød,"Glutenfritt Hamburgerbrød, 2-pak, 1 stk"
2,brod-og-frokostblandinger,polse-og-hamburgerbrod-lomper,"kr 29,90","kr 83,06 per kg",Ferske Brioche Hamburgerbrød,4 stk
3,brod-og-frokostblandinger,polse-og-hamburgerbrod-lomper,"kr 13,60","kr 52,31 per kg",Lomper Buer,"10 stk, 260 g"
4,brod-og-frokostblandinger,polse-og-hamburgerbrod-lomper,"kr 26,80","kr 99,26 per kg",Store Speltlomper Buer,"8 stk, 270 g"
5,brod-og-frokostblandinger,polse-og-hamburgerbrod-lomper,"kr 32,40","kr 162,00 per kg",Birgers Beste Lefser,5 stk
6,brod-og-frokostblandinger,polse-og-hamburgerbrod-lomper,"kr 49,90","kr 146,76 per kg",Annas Mandelpotetlefser,"4 stk, 340 g"
7,brod-og-frokostblandinger,polse-og-hamburgerbrod-lomper,"kr 25,40","kr 90,71 per kg",Havrelomper Store,"8 stk, 280 g"
8,brod-og-frokostblandinger,polse-og-hamburgerbrod-lomper,"kr 12,90","kr 44,48 per kg",Store Lomper,10 stk
9,brod-og-frokostblandinger,polse-og-hamburgerbrod-lomper,"kr 32,90","kr 109,67 per kg",True Style Bistro Pølsebrød,"6 stk, 300 g"
10,brod-og-frokostblandinger,polse-og-hamburgerbrod-lomper,"kr 31,20","kr 62,40 per kg",Chicago Pølsebrød,"10 stk, 500 g"
11,brod-og-frokostblandinger,polse-og-hamburgerbrod-lomper,"kr 26,90","kr 81,52 per kg",Grove Pølsebrød,"10 stk, 330 g"
12,brod-og-frokostblandinger,polse-og-hamburgerbrod-lomper,"kr 22,80","kr 47,50 per kg",Høvding Fine Pølsebrød,"12 stk, 480 g"
13,brod-og-frokostblandinger,polse-og-hamburgerbrod-lomper,"kr 39,90","kr 105,56 per kg",True Bistro Hamburgerbrød,378 g
14,brod-og-frokostblandinger,polse-og-hamburgerbrod-lomper,"kr 28,70","kr 59,79 per kg",Chicago Hamburgerbrød,"6 stk, 480 g"
15,brod-og-frokostblandinger,polse-og-hamburgerbrod-lomper,"kr 27,30","kr 72,22 per kg",Grove Hamburgerbrød,"6 stk, 378 g"
16,brod-og-frokostblandinger,polse-og-hamburgerbrod-lomper,"kr 20,00","kr 90,91 per kg",Slider Buns Fine,"6 stk, 220 g"
17,brod-og-frokostblandinger,polse-og-hamburgerbrod-lomper,"kr 17,20","kr 107,50 per kg",True Style Chicago Hamburgerbrød,"2 stk, 160 g"
18,brod-og-frokostblandinger,polse-og-hamburgerbrod-lomper,"kr 52,80","kr 240,00 per kg",Pølsebrød,"Glutenfri, 220 g"
19,brod-og-frokostblandinger,polse-og-hamburgerbrod-lomper,"kr 59,00","kr 122,92 per kg",Pølsebrød,"Gluten og Melkefritt, 480 g"
20,brod-og-frokostblandinger,polse-og-hamburgerbrod-lomper,"kr 38,10","kr 146,54 per kg",Glutenfrie Pølsebrød,"4 stk, 260 g"
21,brod-og-frokostblandinger,polse-og-hamburgerbrod-lomper,"kr 39,00","kr 121,88 per kg",Glutenfrie Hamburgerbrød,"4 stk, 320 g"
22,brod-og-frokostblandinger,polse-og-hamburgerbrod-lomper,"kr 53,10","kr 177,00 per kg",Hamburgerbrød,"Glutenfri, 300 g"
23,brod-og-frokostblandinger,polse-og-hamburgerbrod-lomper,"kr 51,90","kr 185,36 per kg",Hamburgerbrød,"Glutenfri, 280 g"
24,brod-og-frokostblandinger,polse-og-hamburgerbrod-lomper,"kr 59,00","kr 184,38 per kg",Hamburgerbrød,"Gluten og Melkefritt, 4 stk, 320 g"
0,brod-og-frokostblandinger,frokostblandinger,"kr 31,80","kr 70,67 per kg",Crusli Solfrokost,450 g
1,brod-og-frokostblandinger,frokostblandinger,"kr 24,70","kr 65,87 per kg",Cheerios Havre,375 g
2,brod-og-frokostblandinger,frokostblandinger,"kr 37,80","kr 84,00 per kg",Supergranola Kakao & Bringebær,450 g
3,brod-og-frokostblandinger,frokostblandinger,"kr 40,90","kr 90,89 per kg",Supergranola med Hasselnøtt & Kokos,450 g
4,brod-og-frokostblandinger,frokostblandinger,"kr 50,10","kr 111,33 per kg",Supergranola Protein Kakao Kokos & Mandel,450 g
5,brod-og-frokostblandinger,frokostblandinger,"kr 32,90","kr 94,00 per kg",Granola Puffet Quinoa,350 g
6,brod-og-frokostblandinger,frokostblandinger,"kr 34,80","kr 69,60 per kg",Nesquik Frokostblanding,500 g
7,brod-og-frokostblandinger,frokostblandinger,"kr 54,80","kr 146,13 per kg",Weetos Choco,375 g
8,brod-og-frokostblandinger,frokostblandinger,"kr 32,80","kr 87,47 per kg",Coco Pops,375 g
9,brod-og-frokostblandinger,frokostblandinger,"kr 29,00","kr 58,00 per kg",Corn Flakes,500 g
10,brod-og-frokostblandinger,frokostblandinger,"kr 28,80","kr 57,60 per kg",All-Bran Regular Flakes,500 g
11,brod-og-frokostblandinger,frokostblandinger,"kr 37,60","kr 100,27 per kg",Froot Loops,375 g
12,brod-og-frokostblandinger,frokostblandinger,"kr 34,50","kr 92,00 per kg",Fitness Frokostblanding,375 g
13,brod-og-frokostblandinger,frokostblandinger,"kr 13,80","kr 255,56 per kg",Supergrøt Kanel & Puffet Quinoa,54 g
14,brod-og-frokostblandinger,frokostblandinger,"kr 25,00","kr 33,33 per kg",Crunchy Müsli,750 g
15,brod-og-frokostblandinger,frokostblandinger,"kr 27,00","kr 54,00 per kg",Honni Puffs,500 g
16,brod-og-frokostblandinger,frokostblandinger,"kr 18,30","kr 24,40 per kg",Corn flakes,750 g
17,brod-og-frokostblandinger,frokostblandinger,"kr 30,60","kr 81,60 per kg",Cheerios Multi Frokostblanding,375 g
18,brod-og-frokostblandinger,frokostblandinger,"kr 41,00","kr 109,33 per kg",Corn Flakes,"Glutenfri, 375 g"
19,brod-og-frokostblandinger,frokostblandinger,"kr 28,40","kr 75,73 per kg",Honni Korn Smacks,375 g
20,brod-og-frokostblandinger,frokostblandinger,"kr 41,80","kr 97,21 per kg",Weetabix Orginal,"95% Fullkorn, 430 g"
21,brod-og-frokostblandinger,frokostblandinger,"kr 38,70","kr 103,20 per kg",Havrefras,375 g
22,brod-og-frokostblandinger,frokostblandinger,"kr 41,00","kr 91,11 per kg",Crusli 4 Nøtter,450 g
23,brod-og-frokostblandinger,frokostblandinger,"kr 51,80","kr 172,67 per kg",Havreputer,"Glutenfri, 300 g"
24,brod-og-frokostblandinger,frokostblandinger,"kr 28,60","kr 40,86 per kg",Frukt Musli,700 g
25,brod-og-frokostblandinger,frokostblandinger,"kr 34,30","kr 54,44 per kg",Blåbær Musli,630 g
26,brod-og-frokostblandinger,frokostblandinger,"kr 35,00","kr 51,85 per kg",Energi Gold,675 g
27,brod-og-frokostblandinger,frokostblandinger,"kr 28,60","kr 57,20 per kg",Bjørn Rosin & Vaniljesmak,500 g
28,brod-og-frokostblandinger,frokostblandinger,"kr 51,50","kr 108,42 per kg",Granola Solbær,475 g
29,brod-og-frokostblandinger,frokostblandinger,"kr 51,20","kr 107,79 per kg",Granola Blåbær Dadler,475 g
30,brod-og-frokostblandinger,frokostblandinger,"kr 47,10","kr 125,60 per kg",Granola Bringebær & Kanel,375 g
31,brod-og-frokostblandinger,frokostblandinger,"kr 29,60","kr 24,67 per kg",Urkraft Store Havregryn,"1,2 kg"
32,brod-og-frokostblandinger,frokostblandinger,"kr 20,80","kr 17,33 per kg",Urkraft Lettkokte Havregryn,"1,2 kg"
33,brod-og-frokostblandinger,frokostblandinger,"kr 35,00","kr 35,00 per kg",Glutenfri Havregryn store,1 kg
34,brod-og-frokostblandinger,frokostblandinger,"kr 12,00","kr 184,62 per kg",Havregrøt Energi,65 g
35,brod-og-frokostblandinger,frokostblandinger,"kr 18,90","kr 17,18 per kg",Bjørn Havregryn,"Lettkokte, Original, 1,1 kg"
36,brod-og-frokostblandinger,frokostblandinger,"kr 19,40","kr 28,74 per kg",4 Korn,675 g
37,brod-og-frokostblandinger,frokostblandinger,"kr 17,80","kr 32,36 per kg",Byggryn Hele,550 g
38,brod-og-frokostblandinger,frokostblandinger,"kr 38,80","kr 40,84 per kg",Havrekli,950 g
39,brod-og-frokostblandinger,frokostblandinger,"kr 91,90","kr 183,80 per kg",The Ultimate Granola,"Økologisk, 500 g"
40,brod-og-frokostblandinger,frokostblandinger,"kr 98,40","kr 196,80 per kg",The Ultimate Müsli,"Økologisk, 500 g"
41,brod-og-frokostblandinger,frokostblandinger,"kr 70,80","kr 141,60 per kg",Coconut & Seed Muesli,"Glutenfri, 500 g"
42,brod-og-frokostblandinger,frokostblandinger,"kr 78,60","kr 157,20 per kg",Superfrø Muesli,"Økologisk, 500 g"
43,brod-og-frokostblandinger,frokostblandinger,"kr 69,80","kr 174,50 per kg","Müsli med Blåbær, Bringebær & Vanilje",400 g
44,brod-og-frokostblandinger,frokostblandinger,"kr 69,80","kr 174,50 per kg","Müsli med Jordbær, Kokos og Kardemomme",400 g
45,brod-og-frokostblandinger,frokostblandinger,"kr 66,80","kr 167,00 per kg","Müsli med Eple, Kanel og Tranebær",400 g
46,brod-og-frokostblandinger,frokostblandinger,"kr 15,40","kr 59,23 per kg",Puffet Ris,260 g
47,brod-og-frokostblandinger,frokostblandinger,"kr 21,30","kr 62,65 per kg",Puffet Havre,340 g
48,brod-og-frokostblandinger,frokostblandinger,"kr 25,00","kr 25,00 per kg",Fruktmüsli,1 kg
49,brod-og-frokostblandinger,frokostblandinger,"kr 70,30","kr 187,47 per kg",Müsli Knasende med Frukt,"Økologisk, 375 g"
50,brod-og-frokostblandinger,frokostblandinger,"kr 64,40","kr 128,80 per kg",Fiberhavre Steel Cut,500 g
51,brod-og-frokostblandinger,frokostblandinger,"kr 59,80","kr 140,71 per kg",Müsli Bær,425 g
52,brod-og-frokostblandinger,frokostblandinger,"kr 77,80","kr 222,29 per kg",Glutenfri Granola Bringebær,350 g
53,brod-og-frokostblandinger,frokostblandinger,"kr 39,40","kr 103,68 per kg",Granola Jordbær,380 g
54,brod-og-frokostblandinger,frokostblandinger,"kr 31,40","kr 52,33 per kg",Havregryn Økologisk,"Store, 600 g"
55,brod-og-frokostblandinger,frokostblandinger,"kr 28,40","kr 51,64 per kg",Økologisk Havregryn,"Lettkokte, 550 g"
56,brod-og-frokostblandinger,frokostblandinger,"kr 49,80","kr 153,23 per kg",Herkules Frokostkuler,"Glutenfri, 325 g"
57,brod-og-frokostblandinger,frokostblandinger,"kr 55,40","kr 307,78 per kg",Økologiske Hempfrø,"Uten Skall, 180 g"
58,brod-og-frokostblandinger,frokostblandinger,"kr 41,80","kr 119,43 per kg",Havregott Jordbær,350 g
59,brod-og-frokostblandinger,frokostblandinger,"kr 44,80","kr 128,00 per kg",Müsli Papaya,"Glutenfri, 350 g"
60,brod-og-frokostblandinger,frokostblandinger,"kr 51,80","kr 92,50 per kg",Alpen Musli,"No Added Sugar, 560 g"
61,brod-og-frokostblandinger,frokostblandinger,"kr 99,00","kr 198,00 per kg",Honningristet Musli,500 g
62,brod-og-frokostblandinger,frokostblandinger,"kr 8,20","kr 164,00 per kg",Havregrøt Med Melk,50 g
0,brod-og-frokostblandinger,deiger-og-bunner,"kr 20,00","kr 36,36 per kg",Pizzabunn Familie,550 g
1,brod-og-frokostblandinger,deiger-og-bunner,"kr 34,80","kr 139,20 per kg",Fersk Paideig,250 g
2,brod-og-frokostblandinger,deiger-og-bunner,"kr 54,30","kr 208,85 per kg",Glutenfri Bunn,260 g
3,brod-og-frokostblandinger,deiger-og-bunner,"kr 41,70","kr 75,82 per kg",Peppes Originale Pizzabunn,550 g
4,brod-og-frokostblandinger,deiger-og-bunner,"kr 27,70","kr 79,14 per kg",Parata Brød,350 g
5,brod-og-frokostblandinger,deiger-og-bunner,"kr 43,50","kr 124,29 per kg",Glutenfri Pizzabunn Lettstekt,350 g
6,brod-og-frokostblandinger,deiger-og-bunner,"kr 48,80","kr 162,67 per kg",Pizzabunn Glutenfri,300 g
7,brod-og-frokostblandinger,deiger-og-bunner,"kr 42,30","kr 105,75 per kg",Peppes Pizzabunn Italiensk,"Firkantet 2-3 Pers, 400 g"
0,brod-og-frokostblandinger,pasmurt,"kr 59,90","kr 59,90 per stk",Nysmurt Ciabatta Med Kylling,1 stk
1,brod-og-frokostblandinger,pasmurt,"kr 59,90","kr 59,90 per stk",Nysmurt Ciabatta Med Ost & Skinke,1 stk
2,brod-og-frokostblandinger,pasmurt,"kr 59,90","kr 272,27 per kg",Nysmurt Ciabatta Med Roastbeef,220 g
3,brod-og-frokostblandinger,pasmurt,"kr 59,90","kr 59,90 per stk",Nysmurt Ciabatta Med Røkt Laks og Eggerøre,1 stk
4,brod-og-frokostblandinger,pasmurt,"kr 49,90","kr 49,90 per stk",Nysmurt Vegetar Wraps,1 stk
5,brod-og-frokostblandinger,pasmurt,"kr 49,90","kr 49,90 per stk",Nysmurt Wrap Med Ost og Skinke,1 stk
6,brod-og-frokostblandinger,pasmurt,"kr 38,80","kr 215,56 per kg",Glutenfri Wienertoast,2 stk
0,melk-meieriprodukter-og-egg,melk,"kr 30,80","kr 17,60 per l",TineMelk Lett,"1,75 l"
1,melk-meieriprodukter-og-egg,melk,"kr 18,80","kr 18,80 per l",TineMelk Lett,1 l
2,melk-meieriprodukter-og-egg,melk,"kr 29,80","kr 17,03 per l",Q Melk Lett,"1,75 l"
3,melk-meieriprodukter-og-egg,melk,"kr 17,40","kr 17,40 per l",Q Melk Lett,"1%, 1 l"
4,melk-meieriprodukter-og-egg,melk,"kr 28,50","kr 28,50 per l",Laktosefri Lettmelk,1 l
5,melk-meieriprodukter-og-egg,melk,"kr 24,60","kr 24,60 per l",TineMelk Lett,"Laktoseredusert, 1 l"
6,melk-meieriprodukter-og-egg,melk,"kr 25,40","kr 25,40 per l",TineMelk Økologisk Lett,"1,2%, 1 l"
7,melk-meieriprodukter-og-egg,melk,"kr 35,50","kr 35,50 per l",Langtidsholdbar Melk Lett,1 l
8,melk-meieriprodukter-og-egg,melk,"kr 14,20","kr 14,20 per l",Q Melk Lett,"0,5%, 1 l"
9,melk-meieriprodukter-og-egg,melk,"kr 25,10","kr 14,34 per l",TineMelk Lett,"0,5%, 1,75 l"
10,melk-meieriprodukter-og-egg,melk,"kr 24,30","kr 13,89 per l",Q Melk Lett,"0,5%, 1,75 l"
11,melk-meieriprodukter-og-egg,melk,"kr 13,90","kr 13,90 per l",TineMelk Lett,"0,5%, 1 l"
12,melk-meieriprodukter-og-egg,melk,"kr 29,40","kr 29,40 per l",Laktosefri Melk Lett,"0,5%, 1 l"
13,melk-meieriprodukter-og-egg,melk,"kr 24,80","kr 24,80 per l",TineMelk Lett,"0,7%, Økologisk, 1 l"
14,melk-meieriprodukter-og-egg,melk,"kr 16,80","kr 16,80 per l",Q Melk Skummet,"0,1%, 1 l"
15,melk-meieriprodukter-og-egg,melk,"kr 16,90","kr 16,90 per l",TineMelk Skummet,"0,1%, 1 l"
16,melk-meieriprodukter-og-egg,melk,"kr 34,80","kr 19,89 per l",TineMelk Hel,"1,75 l"
17,melk-meieriprodukter-og-egg,melk,"kr 19,80","kr 19,80 per l",Q Helmelk,1 l
18,melk-meieriprodukter-og-egg,melk,"kr 19,40","kr 19,40 per l",Tine Helmelk,1 l
19,melk-meieriprodukter-og-egg,melk,"kr 32,80","kr 32,80 per l",Tine Laktosefri Helmelk,1 l
20,melk-meieriprodukter-og-egg,melk,"kr 40,10","kr 40,10 per l",Langtidsholdbar Helmelk,1 l
21,melk-meieriprodukter-og-egg,melk,"kr 27,00","kr 27,00 per l",Tine Helmelk,"Økologisk, 1 l"
22,melk-meieriprodukter-og-egg,melk,"kr 30,10","kr 30,10 per l",Biola Bringebærdrikk,1 l
23,melk-meieriprodukter-og-egg,melk,"kr 50,70","kr 50,70 per l",Biola Jordbær & Rabarbradrikk,1 l
24,melk-meieriprodukter-og-egg,melk,"kr 39,80","kr 39,80 per l",Biola Mango Zero,1 l
25,melk-meieriprodukter-og-egg,melk,"kr 30,20","kr 30,20 per l",Biola Jordbærdrikk,1 l
26,melk-meieriprodukter-og-egg,melk,"kr 23,10","kr 23,10 per l",Biola Syrnet,"Lettmelk, 1 l"
27,melk-meieriprodukter-og-egg,melk,"kr 37,80","kr 37,80 per l",Biola Granateple & Bringebær Zero,1 l
28,melk-meieriprodukter-og-egg,melk,"kr 42,40","kr 42,40 per l",Biola Blåbærdrikk,"Laktosefri, 1 l"
29,melk-meieriprodukter-og-egg,melk,"kr 47,80","kr 47,80 per l",Biola Brasil Kokos & Cupuacu,"Limited Edition, 1 l"
30,melk-meieriprodukter-og-egg,melk,"kr 28,40","kr 28,40 per l",Biola Blåbærdrikk,1 l
31,melk-meieriprodukter-og-egg,melk,"kr 39,20","kr 39,20 per l","Biola Rødbet, Eple & Lime",1 l
32,melk-meieriprodukter-og-egg,melk,"kr 46,70","kr 46,70 per l",BioQ Blåbær & Bringebær,1 l
33,melk-meieriprodukter-og-egg,melk,"kr 19,80","kr 19,80 per l","Rørosmjølk Lett, Økologisk","1,2% Fett, 1 l"
34,melk-meieriprodukter-og-egg,melk,"kr 21,40","kr 21,40 per l",Rørosmjølk Hel Økologisk,"4,0% Fett, 1 l"
35,melk-meieriprodukter-og-egg,melk,"kr 19,40","kr 19,40 per l",Rørosmjølk Økologisk,"0,7% Fett, 1 l"
36,melk-meieriprodukter-og-egg,melk,"kr 23,80","kr 23,80 per l",Økologisk skummet Rørosmjølk,1 l
37,melk-meieriprodukter-og-egg,melk,"kr 35,80","kr 35,80 per l",Økologisk Tjukkmjølk,"1,5% fett, 1 l"
38,melk-meieriprodukter-og-egg,melk,"kr 40,40","kr 40,40 per l",Syrna Blå,"Økologisk, 1 l"
39,melk-meieriprodukter-og-egg,melk,"kr 27,90","kr 27,90 per l",Kefir,"Økologisk, 1 l"
40,melk-meieriprodukter-og-egg,melk,"kr 19,70","kr 19,70 per l",Kulturmjølk,"Skummet, 1 l"
41,melk-meieriprodukter-og-egg,melk,"kr 19,40","kr 19,40 per l",Kulturmjølk,1 l
42,melk-meieriprodukter-og-egg,melk,"kr 43,80","kr 43,80 per l",Styrk Kakao,1 l
43,melk-meieriprodukter-og-egg,melk,"kr 30,80","kr 30,80 per l",Styrk Fettfri Melk,1 l
44,melk-meieriprodukter-og-egg,melk,"kr 21,80","kr 21,80 per l",Tine Sjokomelk,1 l
45,melk-meieriprodukter-og-egg,melk,"kr 34,90","kr 34,90 per l",TINE Laktosefri Sjokomelk,"Fettfri, 1 l"
46,melk-meieriprodukter-og-egg,melk,"kr 39,60","kr 39,60 per l",Litago,"Uten Tilsatt Sukker, 1 l"
47,melk-meieriprodukter-og-egg,melk,"kr 29,80","kr 29,80 per l",Litago Sjokolade,1 l
48,melk-meieriprodukter-og-egg,melk,"kr 28,80","kr 28,80 per l",Tine Lettmelk Med Sjokoladesmak,1 l
49,melk-meieriprodukter-og-egg,melk,"kr 32,80","kr 32,80 per l",Tinemelk,"med Kaffe og kakao, 1 l"
50,melk-meieriprodukter-og-egg,melk,"kr 28,80","kr 28,80 per l",Tine Lettmelk Med Vanilje,"Uten Tilsatt Sukker, 1 l"
51,melk-meieriprodukter-og-egg,melk,"kr 28,30","kr 28,30 per l",Q-sjokolademelk,1 l
52,melk-meieriprodukter-og-egg,melk,"kr 20,80","kr 41,60 per l",Litago Banansplitt,"Limited Edition, 0,5 l"
53,melk-meieriprodukter-og-egg,melk,"kr 16,90","kr 33,80 per l",Litago Sjokolade,"0,5 l"
54,melk-meieriprodukter-og-egg,melk,"kr 22,20","kr 44,40 per l",Litago UTEN Tilsatt Sukker,"0,5 l"
55,melk-meieriprodukter-og-egg,melk,"kr 18,80","kr 37,60 per l",Litago Sjokolade,"Lettere, 0,5 l"
56,melk-meieriprodukter-og-egg,melk,"kr 18,80","kr 37,60 per l",Litago Melk Jordbærsmak,"0,5 l"
57,melk-meieriprodukter-og-egg,melk,"kr 12,60","kr 25,20 per l",TineMelk Lett,"0,5 l"
58,melk-meieriprodukter-og-egg,melk,"kr 24,80","kr 75,15 per l",Yt Restitusjonsdrikk Kakao,330 ml
59,melk-meieriprodukter-og-egg,melk,"kr 10,40","kr 41,60 per l",Sjokomelk,"0,25 l"
60,melk-meieriprodukter-og-egg,melk,"kr 15,80","kr 71,82 per l",Milkshake Sjokolade,220 ml
61,melk-meieriprodukter-og-egg,melk,"kr 18,80","kr 56,97 per l",Styrk Kakao,330 ml
62,melk-meieriprodukter-og-egg,melk,"kr 17,80","kr 44,50 per l",Cocio Classic Flaske,400 ml
63,melk-meieriprodukter-og-egg,melk,"kr 28,80","kr 60,13 per l",Protein Sjokolademelk,"50% Mindre Sukker, 479 ml"
64,melk-meieriprodukter-og-egg,melk,"kr 19,80","kr 60,00 per l",Konge Sjokomelk,"Laktosefri, 0,33 l"
0,melk-meieriprodukter-og-egg,plantebasert-drikke,"kr 32,40","kr 32,40 per l",Havredrikk iKaffe,1 l
1,melk-meieriprodukter-og-egg,plantebasert-drikke,"kr 28,60","kr 28,60 per l",Havredrikk Kalsium,1 l
2,melk-meieriprodukter-og-egg,plantebasert-drikke,"kr 29,20","kr 29,20 per l",Havredrikk Økologisk,1 l
3,melk-meieriprodukter-og-egg,plantebasert-drikke,"kr 36,40","kr 36,40 per l",Havredrikk Sjokolade,1 l
4,melk-meieriprodukter-og-egg,plantebasert-drikke,"kr 17,30","kr 69,20 per l",Oatly Havredrikk Sjokolade,250 ml
5,melk-meieriprodukter-og-egg,plantebasert-drikke,"kr 43,50","kr 43,50 per l",Mandel & Hasselnøttdrikk,"Med Kalsium, 1 l"
6,melk-meieriprodukter-og-egg,plantebasert-drikke,"kr 35,30","kr 35,30 per l",Mandel & Havredrikk,"Med Kalsium, 1 l"
7,melk-meieriprodukter-og-egg,plantebasert-drikke,"kr 39,20","kr 39,20 per l",Mandeldrikk Usøtet,"Med Kalsium, 1 l"
8,melk-meieriprodukter-og-egg,plantebasert-drikke,"kr 34,80","kr 34,80 per l",Risdrikk,"Med Kalsium, 1 l"
9,melk-meieriprodukter-og-egg,plantebasert-drikke,"kr 34,80","kr 34,80 per l",Mandeldrikk Usøtet,1 l
10,melk-meieriprodukter-og-egg,plantebasert-drikke,"kr 38,40","kr 38,40 per l",Soyadrikk Original,"Med Kalsium, 1 l"
11,melk-meieriprodukter-og-egg,plantebasert-drikke,"kr 39,50","kr 39,50 per l",Mandeldrikk,1 l
12,melk-meieriprodukter-og-egg,plantebasert-drikke,"kr 29,80","kr 29,80 per l",Soyadrikk Usøtet,1 l
13,melk-meieriprodukter-og-egg,plantebasert-drikke,"kr 34,70","kr 34,70 per l",Rice Original,"Risdrikk med Kalsium, 1 l"
14,melk-meieriprodukter-og-egg,plantebasert-drikke,"kr 39,40","kr 39,40 per l",Soyadrikk Sjokolade,1 l
15,melk-meieriprodukter-og-egg,plantebasert-drikke,"kr 38,00","kr 38,00 per l",Havremylk Usøtet,1 l
16,melk-meieriprodukter-og-egg,plantebasert-drikke,"kr 37,40","kr 37,40 per l",Havre & Mandelmylk,1 l
17,melk-meieriprodukter-og-egg,plantebasert-drikke,"kr 36,80","kr 36,80 per l",Gryr Havredrikk Fyldig Naturell,1 l
18,melk-meieriprodukter-og-egg,plantebasert-drikke,"kr 32,40","kr 32,40 per l","Gryr Havredrikk Naturell 1,5%",1 l
19,melk-meieriprodukter-og-egg,plantebasert-drikke,"kr 30,50","kr 30,50 per l",Økologisk Havredrikk med Kalsium,1 l
20,melk-meieriprodukter-og-egg,plantebasert-drikke,"kr 31,60","kr 31,60 per l",Økologisk Havredrikk med Sjokolade,1 l
21,melk-meieriprodukter-og-egg,plantebasert-drikke,"kr 29,20","kr 29,20 per l",Økologisk Mandeldrikk,1 l
22,melk-meieriprodukter-og-egg,plantebasert-drikke,"kr 30,50","kr 30,50 per l",Økologisk Risdrikk,1 l
23,melk-meieriprodukter-og-egg,plantebasert-drikke,"kr 31,10","kr 31,10 per l",Vegansk Drikk Usøtet,1 l
24,melk-meieriprodukter-og-egg,plantebasert-drikke,"kr 29,50","kr 147,50 per l",Mandelfløte,200 ml
25,melk-meieriprodukter-og-egg,plantebasert-drikke,"kr 20,70","kr 103,50 per l",Risfløte,"Økologisk, 200 ml"
26,melk-meieriprodukter-og-egg,plantebasert-drikke,"kr 19,40","kr 77,60 per l",Vegetabilsk Havrefløte iMat,250 ml
0,melk-meieriprodukter-og-egg,smor-og-margarin,"kr 37,40","kr 69,26 per kg",Margarin Brelett,540 g
1,melk-meieriprodukter-og-egg,smor-og-margarin,"kr 41,80","kr 104,50 per kg",Berit Nordstrand Smøremyk,400 g
2,melk-meieriprodukter-og-egg,smor-og-margarin,"kr 31,90","kr 86,22 per kg",Vita Hjertego' Lett Margarin,370 g
3,melk-meieriprodukter-og-egg,smor-og-margarin,"kr 32,30","kr 129,20 per kg",Ekte Smør,250 g
4,melk-meieriprodukter-og-egg,smor-og-margarin,"kr 41,40","kr 82,80 per kg",Ekte Meierismør,500 g
5,melk-meieriprodukter-og-egg,smor-og-margarin,"kr 48,80","kr 195,20 per kg",Røros Smør,"Økologisk, 250 g"
6,melk-meieriprodukter-og-egg,smor-og-margarin,"kr 29,40","kr 117,60 per kg",Usaltet Smør,250 g
7,melk-meieriprodukter-og-egg,smor-og-margarin,"kr 65,80","kr 146,22 per kg",Kviteseidsmør,450 g
8,melk-meieriprodukter-og-egg,smor-og-margarin,"kr 32,80","kr 82,00 per kg",Olivero Smør- Og Olivenolje,400 g
9,melk-meieriprodukter-og-egg,smor-og-margarin,"kr 34,40","kr 60,35 per kg",Lett Soft Flora,570 g
10,melk-meieriprodukter-og-egg,smor-og-margarin,"kr 39,30","kr 103,42 per kg",Soft Flora,"Spesial, 380 g"
11,melk-meieriprodukter-og-egg,smor-og-margarin,"kr 20,20","kr 38,85 per l",Flytende Melange,520 ml
12,melk-meieriprodukter-og-egg,smor-og-margarin,"kr 28,60","kr 55,00 per l",Melange Flytende med Smør,520 ml
13,melk-meieriprodukter-og-egg,smor-og-margarin,"kr 35,40","kr 68,08 per l",Vita Flytende Hjertego',520 ml
14,melk-meieriprodukter-og-egg,smor-og-margarin,"kr 32,80","kr 63,08 per l",Flytende med Smør & Olivenolje,520 ml
15,melk-meieriprodukter-og-egg,smor-og-margarin,"kr 52,50","kr 105,00 per kg",Rapskokos,"Flytende, 500 g"
16,melk-meieriprodukter-og-egg,smor-og-margarin,"kr 39,60","kr 79,20 per l",Bremykt Flytende,500 ml
17,melk-meieriprodukter-og-egg,smor-og-margarin,"kr 30,80","kr 77,00 per kg",Soft Flora Original,400 g
18,melk-meieriprodukter-og-egg,smor-og-margarin,"kr 34,40","kr 92,97 per kg",Margarin Vita Hjertego',370 g
19,melk-meieriprodukter-og-egg,smor-og-margarin,"kr 27,60","kr 46,00 per kg",Soft Flora Original,600 g
20,melk-meieriprodukter-og-egg,smor-og-margarin,"kr 30,60","kr 78,46 per kg",Bremykt,390 g
21,melk-meieriprodukter-og-egg,smor-og-margarin,"kr 33,90","kr 67,80 per kg",Bremykt,500 g
22,melk-meieriprodukter-og-egg,smor-og-margarin,"kr 25,40","kr 68,65 per kg",Lett Soft Flora,370 g
23,melk-meieriprodukter-og-egg,smor-og-margarin,"kr 50,20","kr 200,80 per kg",Vita Pro Aktiv,250 g
24,melk-meieriprodukter-og-egg,smor-og-margarin,"kr 21,30","kr 42,60 per kg",Melange Margarin,500 g
25,melk-meieriprodukter-og-egg,smor-og-margarin,"kr 40,10","kr 40,10 per kg",Melange Margarin,1 kg
26,melk-meieriprodukter-og-egg,smor-og-margarin,"kr 31,40","kr 62,80 per kg",Melange Uten Salt & Melk,500 g
27,melk-meieriprodukter-og-egg,smor-og-margarin,"kr 26,00","kr 288,89 per kg",Hvitløksmør,90 g
28,melk-meieriprodukter-og-egg,smor-og-margarin,"kr 25,10","kr 278,89 per kg",Kryddersmør,90 g
29,melk-meieriprodukter-og-egg,smor-og-margarin,"kr 39,90","kr 159,60 per kg",Laktosefritt Smør,250 g
30,melk-meieriprodukter-og-egg,smor-og-margarin,"kr 35,40","kr 141,60 per kg",Setersmør,250 g
31,melk-meieriprodukter-og-egg,smor-og-margarin,"kr 52,80","kr 105,60 per kg",Flott Matfett,500 g
32,melk-meieriprodukter-og-egg,smor-og-margarin,"kr 26,60","kr 53,20 per kg",Soft Flora Margarin,500 g
33,melk-meieriprodukter-og-egg,smor-og-margarin,"kr 12,70","kr 31,75 per kg",Plantemargarin,400 g
34,melk-meieriprodukter-og-egg,smor-og-margarin,"kr 17,00","kr 34,00 per kg",Stekemargarin,500 g
35,melk-meieriprodukter-og-egg,smor-og-margarin,"kr 44,70","kr 298,00 per kg",Go'vegan Smørepålegg,150 g
36,melk-meieriprodukter-og-egg,smor-og-margarin,"kr 39,80","kr 159,20 per kg",Ribbefett Snabb,250 g
0,melk-meieriprodukter-og-egg,egg,"kr 38,40","kr 44,14 per kg",Frokostegg Fra  Frittgående Høner,"Str L, 12 stk"
1,melk-meieriprodukter-og-egg,egg,"kr 18,90","kr 49,74 per kg",Økologiske Egg,"Str M/L/XL, 6 stk"
2,melk-meieriprodukter-og-egg,egg,"kr 49,80","kr 61,48 per kg",Solegg Fra frittgående høner,"Str M/L/XL, 12 stk"
3,melk-meieriprodukter-og-egg,egg,"kr 39,80","kr 39,02 per kg",Egg fra Frittgående Høner S/M,"Storpakk, 18 stk"
4,melk-meieriprodukter-og-egg,egg,"kr 43,80","kr 71,57 per kg",Store Egg Fra Frittgående Høner,"Str L, 9 stk"
5,melk-meieriprodukter-og-egg,egg,"kr 32,60","kr 79,90 per kg",Store Egg Fra Frittgående Høner,"Str L, 6 stk"
6,melk-meieriprodukter-og-egg,egg,"kr 29,50","kr 76,82 per kg",Solgule Egg Fra Frittgående Høner 6 Pk,"Str M/L, 6 stk"
7,melk-meieriprodukter-og-egg,egg,"kr 32,60","kr 71,96 per kg",Egg Fra Frittgående Høner,"Str XL, 6 stk"
8,melk-meieriprodukter-og-egg,egg,"kr 68,80","kr 49,43 per kg",Gårdsegg Fra Frittgående Høner,"Str M, 24 stk"
9,melk-meieriprodukter-og-egg,egg,"kr 23,90","kr 32,74 per kg",Egg,"Str S/M, Vår Laveste Pris, 12 stk"
0,melk-meieriprodukter-og-egg,flote-og-rommeprodukter,"kr 13,80","kr 46,00 per l",Matfløte,"18%, 0,3 l"
1,melk-meieriprodukter-og-egg,flote-og-rommeprodukter,"kr 22,40","kr 74,67 per l",Lett Matfløte 10%,"0,3 l"
2,melk-meieriprodukter-og-egg,flote-og-rommeprodukter,"kr 21,80","kr 72,67 per l",Kaffefløte 10%,"0,3 l"
3,melk-meieriprodukter-og-egg,flote-og-rommeprodukter,"kr 17,70","kr 59,00 per l",Q-Kremfløte,"0,3 l"
4,melk-meieriprodukter-og-egg,flote-og-rommeprodukter,"kr 16,90","kr 56,33 per l",Kremfløte,3 dl
5,melk-meieriprodukter-og-egg,flote-og-rommeprodukter,"kr 15,70","kr 52,33 per kg",Q-lettrømme,"18%, 300 g"
6,melk-meieriprodukter-og-egg,flote-og-rommeprodukter,"kr 21,70","kr 72,33 per kg",Q-Drømmelett 5%,300 g
7,melk-meieriprodukter-og-egg,flote-og-rommeprodukter,"kr 17,80","kr 59,33 per kg",Lettrømme 10%,300 g
8,melk-meieriprodukter-og-egg,flote-og-rommeprodukter,"kr 14,80","kr 49,33 per kg",Lettrømme,"18%, 300 g"
9,melk-meieriprodukter-og-egg,flote-og-rommeprodukter,"kr 27,60","kr 92,00 per kg",Seterrømme,300 g
10,melk-meieriprodukter-og-egg,flote-og-rommeprodukter,"kr 21,40","kr 71,33 per kg",Lettrømme,"Økologisk, 300 g"
11,melk-meieriprodukter-og-egg,flote-og-rommeprodukter,"kr 26,30","kr 87,67 per kg",Lettrømme,"Laktosefri, 300 g"
12,melk-meieriprodukter-og-egg,flote-og-rommeprodukter,"kr 27,40","kr 91,33 per kg",Crème Fraîche,"Lett 18%, 300 g"
13,melk-meieriprodukter-og-egg,flote-og-rommeprodukter,"kr 24,20","kr 80,67 per kg",Crème Fraîche,"Original, 300 g"
14,melk-meieriprodukter-og-egg,flote-og-rommeprodukter,"kr 29,80","kr 74,50 per kg",Cottage Cheese,"Original, 400 g"
15,melk-meieriprodukter-og-egg,flote-og-rommeprodukter,"kr 22,80","kr 57,00 per kg",Cottage Cheese,"Mager, 400 g"
16,melk-meieriprodukter-og-egg,flote-og-rommeprodukter,"kr 16,20","kr 54,00 per kg",Kesam,"Original, 300 g"
17,melk-meieriprodukter-og-egg,flote-og-rommeprodukter,"kr 22,80","kr 76,00 per kg",Vaniljekesam,300 g
18,melk-meieriprodukter-og-egg,flote-og-rommeprodukter,"kr 19,80","kr 66,00 per kg",Kesam Mager,300 g
19,melk-meieriprodukter-og-egg,flote-og-rommeprodukter,"kr 31,60","kr 75,24 per kg",Vaniljekesam,"Mager, 420 g"
20,melk-meieriprodukter-og-egg,flote-og-rommeprodukter,"kr 20,70","kr 103,50 per l",Risfløte,"Økologisk, 200 ml"
21,melk-meieriprodukter-og-egg,flote-og-rommeprodukter,"kr 29,50","kr 147,50 per l",Mandelfløte,200 ml
22,melk-meieriprodukter-og-egg,flote-og-rommeprodukter,"kr 19,40","kr 77,60 per l",Vegetabilsk Havrefløte iMat,250 ml
23,melk-meieriprodukter-og-egg,flote-og-rommeprodukter,"kr 30,60","kr 153,00 per l",iMAT Fraiche,"Vegetabilsk, 200 ml"
24,melk-meieriprodukter-og-egg,flote-og-rommeprodukter,"kr 25,40","kr 84,67 per l",Matfløte,"Laktosefri, 0,3 l"
25,melk-meieriprodukter-og-egg,flote-og-rommeprodukter,"kr 23,30","kr 77,67 per l",Kremfløte,"Laktosefri, 0,3 l"
26,melk-meieriprodukter-og-egg,flote-og-rommeprodukter,"kr 47,80","kr 191,20 per l",Kremtopp 33%,250 ml
27,melk-meieriprodukter-og-egg,flote-og-rommeprodukter,"kr 80,80","kr 80,80 per l",Fløte Kokestabil 20%,1 l
28,melk-meieriprodukter-og-egg,flote-og-rommeprodukter,"kr 59,90","kr 59,90 per l",Kremfløte,1 l
29,melk-meieriprodukter-og-egg,flote-og-rommeprodukter,"kr 89,40","kr 89,40 per l",Matfløte 20% fett,1 l
30,melk-meieriprodukter-og-egg,flote-og-rommeprodukter,"kr 37,40","kr 155,83 per kg",Økologisk Cottage Cheese,240 g
31,melk-meieriprodukter-og-egg,flote-og-rommeprodukter,"kr 33,90","kr 135,60 per kg",Ekte Krem 38%,250 g
32,melk-meieriprodukter-og-egg,flote-og-rommeprodukter,"kr 39,80","kr 159,20 per kg",Menkomel Hvit Topping,250 g
33,melk-meieriprodukter-og-egg,flote-og-rommeprodukter,"kr 29,80","kr 99,33 per l",Økologisk Kremfløte,3 dl
34,melk-meieriprodukter-og-egg,flote-og-rommeprodukter,"kr 35,80","kr 35,80 per l",Økologisk Tjukkmjølk,"1,5% fett, 1 l"
35,melk-meieriprodukter-og-egg,flote-og-rommeprodukter,"kr 24,30","kr 81,00 per kg",Q Crème Fraîche,300 g
36,melk-meieriprodukter-og-egg,flote-og-rommeprodukter,"kr 38,40","kr 153,60 per kg",Røros Rømme,"Økologisk, 250 g"
37,melk-meieriprodukter-og-egg,flote-og-rommeprodukter,"kr 36,40","kr 36,40 per stk",TINE Crème Fraîche Laktosefri,300 g
38,melk-meieriprodukter-og-egg,flote-og-rommeprodukter,"kr 44,80","kr 59,73 per l",TINE Kremfløte 38%,"7,5 dl"
39,melk-meieriprodukter-og-egg,flote-og-rommeprodukter,"kr 38,40","kr 96,00 per kg",Laktosefri Mager Cottage Cheese,400 g
40,melk-meieriprodukter-og-egg,flote-og-rommeprodukter,"kr 21,00","kr 84,00 per kg",Økologisk Lettrømme,"10 %, 250 g"
41,melk-meieriprodukter-og-egg,flote-og-rommeprodukter,"kr 69,90","kr 279,60 per l",Upasteurisert Rå Rømme,"40%, 250 ml"
0,melk-meieriprodukter-og-egg,yoghurt,"kr 34,20","kr 34,20 per kg",Junior Yoghurt,"Fruktmiks 8 x 125g, 1000 g"
1,melk-meieriprodukter-og-egg,yoghurt,"kr 31,80","kr 31,80 per kg",Yoplait Safari Apeyoghurt,"8x125g, 1 kg"
2,melk-meieriprodukter-og-egg,yoghurt,"kr 51,90","kr 51,90 per kg",Junior Yoghurt Frukt,"Uten tilsatt sukker eller søtstoff 8x125g, 1000 g"
3,melk-meieriprodukter-og-egg,yoghurt,"kr 64,70","kr 86,27 per kg",Gresk Yoghurt Naturell,750 g
4,melk-meieriprodukter-og-egg,yoghurt,"kr 52,90","kr 52,90 per kg",Yoghurt Gresk Naturell,1 kg
5,melk-meieriprodukter-og-egg,yoghurt,"kr 64,80","kr 64,80 per kg",Yoghurt Tyrkisk Naturell 10%,1 kg
6,melk-meieriprodukter-og-egg,yoghurt,"kr 33,80","kr 96,57 per kg",Gresk Yoghurt,"2% Fett, 350 g"
7,melk-meieriprodukter-og-egg,yoghurt,"kr 25,90","kr 32,38 per kg",Frokostyoghurt Vanilje,"Pose, 800 g"
8,melk-meieriprodukter-og-egg,yoghurt,"kr 14,80","kr 118,40 per kg",Q Frokostyoghurt Melon & Pasjonsfrukt,125 g
9,melk-meieriprodukter-og-egg,yoghurt,"kr 29,80","kr 37,25 per kg",Frokostyoghurt Naturell,"Pose, 800 g"
10,melk-meieriprodukter-og-egg,yoghurt,"kr 33,80","kr 42,25 per kg",Q Frokostyoghurt Melon & Pasjonsfrukt,"Pose, 800 g"
11,melk-meieriprodukter-og-egg,yoghurt,"kr 33,80","kr 42,25 per kg",Q Frokostyoghurt Jordbær,800 g
12,melk-meieriprodukter-og-egg,yoghurt,"kr 13,80","kr 153,33 per kg",Skyr Mini Jordbær,"Pose, 90 g"
13,melk-meieriprodukter-og-egg,yoghurt,"kr 13,80","kr 153,33 per kg",Skyr Mini Bringebær,90 g
14,melk-meieriprodukter-og-egg,yoghurt,"kr 13,80","kr 153,33 per kg",Skyr Mini Banan,"Pose, 90 g"
15,melk-meieriprodukter-og-egg,yoghurt,"kr 18,80","kr 150,40 per kg",Skyr Skogsbær Pose,125 g
16,melk-meieriprodukter-og-egg,yoghurt,"kr 13,20","kr 146,67 per kg",Junior Yoghurt,"Blåbær, 90 g"
17,melk-meieriprodukter-og-egg,yoghurt,"kr 13,20","kr 146,67 per kg",Junior Yoghurt,"Jordbær, 90 g"
18,melk-meieriprodukter-og-egg,yoghurt,"kr 27,80","kr 69,50 per kg",Danonino Drikkeyoghurt,"Jordbær 4x100g, 400 g"
19,melk-meieriprodukter-og-egg,yoghurt,"kr 35,60","kr 89,00 per kg",Drikkeyoghurt,"Bringebær 4x100g, 400 g"
20,melk-meieriprodukter-og-egg,yoghurt,"kr 19,70","kr 65,67 per kg",Yoghurt Mix No1,"6x50g, 300 g"
21,melk-meieriprodukter-og-egg,yoghurt,"kr 14,80","kr 109,63 per kg",Q Barneyoghurt Banan,135 g
22,melk-meieriprodukter-og-egg,yoghurt,"kr 14,80","kr 109,63 per kg",Q Barneyoghurt Bringebær,135 g
23,melk-meieriprodukter-og-egg,yoghurt,"kr 11,80","kr 78,67 per kg",Rislunsj Med Jordbær,"Piano, 150 g"
24,melk-meieriprodukter-og-egg,yoghurt,"kr 11,90","kr 79,33 per kg",Rislunsj med Bringebær & Blåbær,"Piano, 150 g"
25,melk-meieriprodukter-og-egg,yoghurt,"kr 11,90","kr 79,33 per kg",Rislunsj Med Bringebær & Rips,"Piano, 150 g"
26,melk-meieriprodukter-og-egg,yoghurt,"kr 11,20","kr 74,67 per kg",Byggrynslunsj med Bringebær,150 g
27,melk-meieriprodukter-og-egg,yoghurt,"kr 13,90","kr 92,67 per kg",Havrelunsj med Eple og Kanel,150 g
28,melk-meieriprodukter-og-egg,yoghurt,"kr 11,30","kr 75,33 per kg",Byggrynslunsj med Blåbær,150 g
29,melk-meieriprodukter-og-egg,yoghurt,"kr 16,40","kr 109,33 per kg",Byggrynslunsj med Jordbær,150 g
30,melk-meieriprodukter-og-egg,yoghurt,"kr 15,80","kr 105,33 per kg",Byggrynslunsj UTEN,"Med Jordbær & Lime, 150 g"
31,melk-meieriprodukter-og-egg,yoghurt,"kr 16,40","kr 109,33 per kg",Byggrynslunsj UTEN,"Med Eple & Pære, 150 g"
32,melk-meieriprodukter-og-egg,yoghurt,"kr 19,60","kr 130,67 per kg",Havrelunsj med Hagebær,150 g
33,melk-meieriprodukter-og-egg,yoghurt,"kr 10,10","kr 51,79 per kg",Go' Morgen,"Vaniljeyoghurt med Müsli, 195 g"
34,melk-meieriprodukter-og-egg,yoghurt,"kr 10,10","kr 51,79 per kg",Go' Morgen,"Jordbær med 4-kornmüsli, 195 g"
35,melk-meieriprodukter-og-egg,yoghurt,"kr 10,20","kr 52,31 per kg",Go' Morgen,"Mango- og banan med fruktmüsli, 195 g"
36,melk-meieriprodukter-og-egg,yoghurt,"kr 10,70","kr 54,87 per kg",Go' Morgen,"Melon- og pasjonsfrukt med 4-kornmüsli, 195 g"
37,melk-meieriprodukter-og-egg,yoghurt,"kr 9,40","kr 48,21 per kg",Go' Morgen,"Skogsbæryoghurt med 4-kornmüsli, 195 g"
38,melk-meieriprodukter-og-egg,yoghurt,"kr 10,20","kr 52,31 per kg",Go' Morgen,"Vaniljeyoghurt med nøttemix, 195 g"
39,melk-meieriprodukter-og-egg,yoghurt,"kr 11,30","kr 59,47 per kg",Go'morgen Bringebær,"Uten, 190 g"
40,melk-meieriprodukter-og-egg,yoghurt,"kr 17,80","kr 93,68 per kg",Go'morgen Uten,"Mango, 190 g"
41,melk-meieriprodukter-og-egg,yoghurt,"kr 16,80","kr 86,15 per kg",Go'morgen Gresk,"Naturell med Crüsli, 195 g"
42,melk-meieriprodukter-og-egg,yoghurt,"kr 11,30","kr 59,47 per kg",Go'morgen Jordbær & Lime,"Uten, 190 g"
43,melk-meieriprodukter-og-egg,yoghurt,"kr 11,30","kr 59,47 per kg",Go' Morgen Uten,"Vanilje, 190 g"
44,melk-meieriprodukter-og-egg,yoghurt,"kr 31,80","kr 70,67 per kg",Økologisk  Røros Yoghurt,450 g
45,melk-meieriprodukter-og-egg,yoghurt,"kr 37,50","kr 79,79 per kg",Økologisk Røros Yoghurt,"Med Jordbær & Rabarbra, 470 g"
46,melk-meieriprodukter-og-egg,yoghurt,"kr 41,50","kr 92,22 per kg",Økologisk Yoghurt,"Med Tyttebær, 450 g"
47,melk-meieriprodukter-og-egg,yoghurt,"kr 40,40","kr 85,96 per kg",Økologisk Røros Yoghurt,"Med Vanilje & Honning, 470 g"
48,melk-meieriprodukter-og-egg,yoghurt,"kr 19,90","kr 23,41 per kg",Yoghurt Naturell,850 g
49,melk-meieriprodukter-og-egg,yoghurt,"kr 11,70","kr 23,40 per kg",Yoghurt Vanilje,500 g
50,melk-meieriprodukter-og-egg,yoghurt,"kr 34,80","kr 40,94 per kg",Yoghurt,"Med Granateple & Bringebær, 850 g"
51,melk-meieriprodukter-og-egg,yoghurt,"kr 24,70","kr 29,06 per kg",Yoghurt Vanilje,850 g
52,melk-meieriprodukter-og-egg,yoghurt,"kr 19,60","kr 39,20 per kg",Yoghurt,"Laktosefri, 500 g"
53,melk-meieriprodukter-og-egg,yoghurt,"kr 12,30","kr 24,60 per kg",Yoghurt Naturell,500 g
54,melk-meieriprodukter-og-egg,yoghurt,"kr 21,30","kr 42,60 per kg",Biola Yoghurt Mild Med Fiber,500 g
55,melk-meieriprodukter-og-egg,yoghurt,"kr 33,80","kr 96,57 per kg",Gresk Yoghurt Vanilje,350 g
56,melk-meieriprodukter-og-egg,yoghurt,"kr 19,40","kr 38,80 per kg",Yoghurt Melon & Pasjon,500 g
57,melk-meieriprodukter-og-egg,yoghurt,"kr 17,10","kr 34,20 per kg",Yoghurt Kirsebær,500 g
58,melk-meieriprodukter-og-egg,yoghurt,"kr 28,50","kr 33,53 per kg",TINE Yoghurt Mango og Pasjon,850 g
59,melk-meieriprodukter-og-egg,yoghurt,"kr 18,80","kr 37,60 per kg",Yoghurt Skogsbær,500 g
60,melk-meieriprodukter-og-egg,yoghurt,"kr 15,90","kr 31,80 per kg",Yoghurt Jordbær,500 g
61,melk-meieriprodukter-og-egg,yoghurt,"kr 28,00","kr 66,67 per kg",TINE  Protein Yoghurt Vanilje,420 g
62,melk-meieriprodukter-og-egg,yoghurt,"kr 28,10","kr 66,90 per kg",TINE Protein Yoghurt med Pasjonsfrukt,420 g
63,melk-meieriprodukter-og-egg,yoghurt,"kr 18,80","kr 117,50 per kg",Skyr Bringebær & Pannacotta,160 g
64,melk-meieriprodukter-og-egg,yoghurt,"kr 16,80","kr 105,00 per kg",Skyr Appelsin & Mango,160 g
65,melk-meieriprodukter-og-egg,yoghurt,"kr 18,80","kr 117,50 per kg",Skyr Blåbær & Vanilje,160 g
66,melk-meieriprodukter-og-egg,yoghurt,"kr 18,80","kr 117,50 per kg",Skyr Jordbær & Lime,160 g
67,melk-meieriprodukter-og-egg,yoghurt,"kr 18,60","kr 146,46 per kg",Tine Yoghurt Nyt Lakris,127 g
68,melk-meieriprodukter-og-egg,yoghurt,"kr 12,90","kr 105,74 per kg",Piano Duo Yoghurt,"Sjokolade og sjokocrisp, 122 g"
69,melk-meieriprodukter-og-egg,yoghurt,"kr 13,80","kr 115,97 per kg",Piano Duo Yoghurt og Nøttetoffee,119 g
70,melk-meieriprodukter-og-egg,yoghurt,"kr 29,80","kr 186,25 per kg",Gresk Yoghurt Pekan & Honning,160 g
0,kjott-og-kylling,storfe,"kr 569,00","kr 569,00 per kg",Indrefilet av Kalv Med Parmaskinke og Parmesan,ca. 1 kg
1,kjott-og-kylling,storfe,"kr 232,30","kr 580,75 per kg",Hellstrøms Entrecote av Angus,Til ca. 2 Personer
2,kjott-og-kylling,storfe,"kr 999,00","kr 333,00 per kg",Hel Entrecote av Storfe,Ca 3kg
3,kjott-og-kylling,storfe,"kr 158,50","kr 792,50 per kg",Hellstrøms Indrefilet av Angus,"Til 1 Person, ca. 200 g"
4,kjott-og-kylling,storfe,"kr 274,50","kr 686,25 per kg",Hellstrøms Indrefilet av Angus,ca. 400 g
5,kjott-og-kylling,storfe,"kr 528,00","kr 660,00 per kg",Hellstrøms Indrefilet av Angus,"Til 4 Personer, ca. 800 g"
6,kjott-og-kylling,storfe,"kr 549,00","kr 274,50 per kg",Hel Ytrefilet av Okse,2 kg
7,kjott-og-kylling,storfe,"kr 496,40","kr 620,50 per kg",Hellstrøms Ytrefilet av Angus,Til ca. 4 Personer
8,kjott-og-kylling,storfe,"kr 137,30","kr 686,50 per kg",Hellstrøms Ytrefilet av Angus,ca. 200 g
9,kjott-og-kylling,storfe,"kr 264,00","kr 660,00 per kg",Hellstrøms Ytrefilet av Angus,"Til  2 Personer, 400 g"
10,kjott-og-kylling,storfe,"kr 528,00","kr 660,00 per kg",Hellstrøms Côte De Boeuf av Angus,"Til 3-4 Personer, 800 g"
11,kjott-og-kylling,storfe,"kr 208,00","kr 547,37 per kg",Okse T-benstek,380 g
12,kjott-og-kylling,storfe,"kr 139,00","kr 278,00 per kg",Panert Kalvesnitzel,"2 stk, ca. 500 g"
13,kjott-og-kylling,storfe,"kr 91,60","kr 152,67 per kg",Okse Bibringe,600 g
14,kjott-og-kylling,storfe,"kr 147,70","kr 295,40 per kg",Okse Høyrygg i Terninger,500 g
15,kjott-og-kylling,storfe,"kr 129,60","kr 129,60 per kg",Oksehaler,"Fryst, 1 kg"
16,kjott-og-kylling,storfe,"kr 110,30","kr 441,20 per kg",Pampas Entrecôte Av Storfe,"100% Grass Fed, 250 g"
17,kjott-og-kylling,storfe,"kr 110,30","kr 551,50 per kg",Pampas Ytrefilet,"100% Grass fed, 200 g"
18,kjott-og-kylling,storfe,"kr 99,00","kr 247,50 per kg",Konge Entrecote,400 g
19,kjott-og-kylling,storfe,"kr 209,70","kr 676,45 per kg",Storfe Indrefilet,ca. 310 g
20,kjott-og-kylling,storfe,"kr 183,30","kr 458,25 per kg",Storfe Entrecote,ca. 400 g
21,kjott-og-kylling,storfe,"kr 184,70","kr 473,59 per kg",Storfe Pepperbiff,ca. 390 g
22,kjott-og-kylling,storfe,"kr 184,70","kr 527,71 per kg",Storfe Ytrefilet,"1 Stk, ca. 350 g"
23,kjott-og-kylling,storfe,"kr 144,10","kr 394,79 per kg",Storfe Mørbradbiff,ca. 365 g
24,kjott-og-kylling,storfe,"kr 69,50","kr 231,67 per kg",Storfe Biffstrimler,300 g
25,kjott-og-kylling,storfe,"kr 83,80","kr 419,00 per kg",Indrefilet av Storfe i Skiver,"Prima, ca. 200 g"
26,kjott-og-kylling,storfe,"kr 38,70","kr 154,80 per kg",Entrecote av Storfe i Skiver,"Vår laveste pris, ca. 250 g"
27,kjott-og-kylling,storfe,"kr 42,40","kr 212,00 per kg",Mørbradbiff av Storfe i Skiver,"Prima, ca. 200 g"
28,kjott-og-kylling,storfe,"kr 37,30","kr 186,50 per kg",Ytrefilet av Storfe i Skiver,"Prima, ca. 200 g"
0,kjott-og-kylling,svin,"kr 109,00","kr 218,00 per kg",Svinenakke Fylt Med Tranebær og Chevre,"Marinert Med Lakris og Chili, ca. 500 g"
1,kjott-og-kylling,svin,"kr 147,90","kr 295,80 per kg",Hellstrøms Økologisk Svinenakke uten Ben,500 g
2,kjott-og-kylling,svin,"kr 64,90","kr 162,25 per kg",Nakkefilet Tynnskåret,400 g
3,kjott-og-kylling,svin,"kr 87,40","kr 174,80 per kg",Pulled Pork,"Langtidskokt Svinenakke, 500 g"
4,kjott-og-kylling,svin,"kr 54,90","kr 137,25 per kg",Strimlet Svinebiff,400 g
5,kjott-og-kylling,svin,"kr 124,80","kr 89,14 per kg",Salte Knoker,"1,4 kg"
6,kjott-og-kylling,svin,"kr 121,30","kr 86,64 per kg",Røkte Skinkeknoker,"1,4 kg"
7,kjott-og-kylling,svin,"kr 65,40","kr 109,00 per kg",Svin Indrefilet,ca. 600 g
8,kjott-og-kylling,svin,"kr 59,90","kr 65,11 per kg",Svinekoteletter,"4 stk, ca. 920 g"
9,kjott-og-kylling,svin,"kr 59,90","kr 63,05 per kg",Nakkekoteletter,ca. 950 g
10,kjott-og-kylling,svin,"kr 49,60","kr 99,20 per kg",Strimlet Svinekjøtt,500 g
11,kjott-og-kylling,svin,"kr 119,80","kr 79,87 per kg",Surret Skinkestek med Svor,"Rå, ca. 1,5 kg"
12,kjott-og-kylling,svin,"kr 699,00","kr 233,00 per kg",Økologisk Tynnribbe,"Spikkerud Gård, ca. 3 kg"
13,kjott-og-kylling,svin,"kr 499,00","kr 166,33 per kg",Fersk Tynnribbe,"Strøm-Larsen, ca. 3 kg"
14,kjott-og-kylling,svin,"kr 739,00","kr 157,23 per kg",Hellstrøms Utvalgte Fersk Tynnribbe,"ca. 4,7 kg"
15,kjott-og-kylling,svin,"kr 72,40","kr 131,64 per kg",Smokey Pulled Pork,550 g
16,kjott-og-kylling,svin,"kr 88,90","kr 161,64 per kg",Tulip Pulled Pork Asian,550 g
17,kjott-og-kylling,svin,"kr 84,90","kr 169,80 per kg",Ytrefilet av Svin Krydret,500 g
18,kjott-og-kylling,svin,"kr 79,00","kr 158,00 per kg",Ytrefilet av Svin Naturell,500 g
19,kjott-og-kylling,svin,"kr 329,00","kr 164,50 per kg",Tynnribbe/Flatribbe,"Strøm-Larsen, ca. 2 kg"
20,kjott-og-kylling,svin,"kr 139,00","kr 231,67 per kg",Spareribs av Fjellgris,ca. 600 g
21,kjott-og-kylling,svin,"kr 162,40","kr 72,18 per kg",Tynnribbe Krydret,"Laveste Pris, ca. 2,25 kg"
0,kjott-og-kylling,kylling-kalkun-and,"kr 38,20","kr 117,54 per kg",Kjøttdeig Av 100% Kyllingfilet,325 g
1,kjott-og-kylling,kylling-kalkun-and,"kr 57,90","kr 222,69 per kg",Kyllinglår med Smør,"Rett i Ovnen, 260 g"
2,kjott-og-kylling,kylling-kalkun-and,"kr 39,00","kr 78,00 per kg",Kyllingklubber Naturell,500 g
3,kjott-og-kylling,kylling-kalkun-and,"kr 68,10","kr 227,00 per kg",Kyllingfilet Strimlet,300 g
4,kjott-og-kylling,kylling-kalkun-and,"kr 86,30","kr 331,92 per kg",Kyllingbryst,ca. 260 g
5,kjott-og-kylling,kylling-kalkun-and,"kr 51,50","kr 128,75 per kg",Rå Vinger av Landkylling,400 g
6,kjott-og-kylling,kylling-kalkun-and,"kr 83,90","kr 139,83 per kg",Kyllinglår,ca. 600 g
7,kjott-og-kylling,kylling-kalkun-and,"kr 392,40","kr 135,31 per kg",Hel Landkylling,"Økologisk, ca. 2,9 kg"
8,kjott-og-kylling,kylling-kalkun-and,"kr 369,00","kr 153,75 per kg",Økologisk Hel kylling,"ca. 2,4 kg"
9,kjott-og-kylling,kylling-kalkun-and,"kr 131,40","kr 380,87 per kg",Andebryst,ca. 345 g
10,kjott-og-kylling,kylling-kalkun-and,"kr 63,40","kr 166,84 per kg",Kyllingfilet,"Naturell, 380 g"
11,kjott-og-kylling,kylling-kalkun-and,"kr 85,00","kr 125,00 per kg",Kyllingfilet,"Naturell, 680 g"
12,kjott-og-kylling,kylling-kalkun-and,"kr 118,00","kr 131,11 per kg",Kyllingfilet,"Naturell, 900 g"
13,kjott-og-kylling,kylling-kalkun-and,"kr 136,90","kr 97,79 per kg",Kyllingfilet Naturell,"Vår Laveste Pris, 1,4 kg"
14,kjott-og-kylling,kylling-kalkun-and,"kr 63,30","kr 158,25 per kg",Kylling lårfilet,400 g
15,kjott-og-kylling,kylling-kalkun-and,"kr 74,55","kr 165,67 per kg",Strimlet  Kyllingfilet,"Naturell, 450 g"
16,kjott-og-kylling,kylling-kalkun-and,"kr 144,10","kr 192,13 per kg",Kyllingfilet,750 g
17,kjott-og-kylling,kylling-kalkun-and,"kr 72,50","kr 241,67 per kg","Tapasboller av kylling,","Med Soltørket tomat og oliven, 300 g"
18,kjott-og-kylling,kylling-kalkun-and,"kr 66,50","kr 221,67 per kg",Kylling Nuggets,300 g
19,kjott-og-kylling,kylling-kalkun-and,"kr 60,50","kr 201,67 per kg",Kylling Lårbiff,"Crispy, 300 g"
20,kjott-og-kylling,kylling-kalkun-and,"kr 70,20","kr 93,60 per kg",Grillede Kyllinglår,750 g
21,kjott-og-kylling,kylling-kalkun-and,"kr 63,50","kr 79,38 per kg",Grillede Kyllinglårklubber,800 g
22,kjott-og-kylling,kylling-kalkun-and,"kr 129,00","kr 444,83 per kg",Økologisk Kyllingbryst Med Skinn,ca. 290 g
23,kjott-og-kylling,kylling-kalkun-and,"kr 44,80","kr 224,00 per kg",Salatkjøtt,"Av Grillet Kyllinglår uten Skinn, 200 g"
24,kjott-og-kylling,kylling-kalkun-and,"kr 70,30","kr 78,11 per kg",Grillede Kyllingvinger,900 g
25,kjott-og-kylling,kylling-kalkun-and,"kr 49,80","kr 249,00 per kg",Kyllingfilet Stekt Og Skivet Soltørket Tomat,200 g
26,kjott-og-kylling,kylling-kalkun-and,"kr 49,80","kr 249,00 per kg",Kreolsk sandwichfilet Av Kylling,"Stekt & Spiseklar, 200 g"
27,kjott-og-kylling,kylling-kalkun-and,"kr 49,80","kr 249,00 per kg",Kyllingfilet Stekt Og Skivet Naturell,200 g
28,kjott-og-kylling,kylling-kalkun-and,"kr 49,80","kr 249,00 per kg",Kyllingfilet Stekt Og Spiseklar Chili Og Ingefær,200 g
29,kjott-og-kylling,kylling-kalkun-and,"kr 75,50","kr 235,94 per kg",Filet Pieces,320 g
30,kjott-og-kylling,kylling-kalkun-and,"kr 62,80","kr 348,89 per kg",Chicken Bites,180 g
31,kjott-og-kylling,kylling-kalkun-and,"kr 92,30","kr 184,60 per kg",Kylling Lårfilet,ca. 500 g
32,kjott-og-kylling,kylling-kalkun-and,"kr 162,90","kr 267,05 per kg",Stekt Peking Andefilet,610 g
33,kjott-og-kylling,kylling-kalkun-and,"kr 57,80","kr 115,60 per kg",Kyllinglever,500 g
34,kjott-og-kylling,kylling-kalkun-and,"kr 598,90","kr 482,98 per kg",Confit de Canard,"4-5 stk Lår, 1,24 kg"
35,kjott-og-kylling,kylling-kalkun-and,"kr 314,30","kr 62,86 per kg",Fryste Kyllingkjøttboller,5 kg
36,kjott-og-kylling,kylling-kalkun-and,"kr 579,10","kr 96,52 per kg",Hel Kalkun,ca. 6 kg
37,kjott-og-kylling,kylling-kalkun-and,"kr 84,90","kr 70,75 per kg",Hel Grillet Kylling,"ca. 1,2 kg"
38,kjott-og-kylling,kylling-kalkun-and,"kr 96,00","kr 64,00 per kg",Hel Rå Kylling Naturell,"ca. 1,5 kg"
39,kjott-og-kylling,kylling-kalkun-and,"kr 93,20","kr 71,69 per kg",Hel Kylling Rå,1300 g
40,kjott-og-kylling,kylling-kalkun-and,"kr 27,80","kr 69,50 per kg",Kjøttdeig Av Kylling,"Vår laveste pris, 400 g"
41,kjott-og-kylling,kylling-kalkun-and,"kr 799,00","kr 199,75 per kg",Økologisk Hel kalkun,ca. 4 kg
0,kjott-og-kylling,lam-og-vilt,"kr 249,00","kr 249,00 per kg",Lammekoteletter,"Strøm-Larsen, 1 kg"
1,kjott-og-kylling,lam-og-vilt,"kr 399,00","kr 362,73 per kg",Lammecarré,"Fra New Zealand, 1,1 kg"
2,kjott-og-kylling,lam-og-vilt,"kr 119,00","kr 297,50 per kg",Rå Lammeskank,400 g
3,kjott-og-kylling,lam-og-vilt,"kr 44,80","kr 112,00 per kg",Hverdagslam Kjøttdeig uten Salt og Vann,400 g
4,kjott-og-kylling,lam-og-vilt,"kr 166,40","kr 277,33 per kg",Lammebog Uten Ben i Terninger,600 g
5,kjott-og-kylling,lam-og-vilt,"kr 649,00","kr 649,00 per kg",Reinsdyr Ytrefilet Hel,1 kg
6,kjott-og-kylling,lam-og-vilt,"kr 81,90","kr 273,00 per kg",Hverdagslam Skav,300 g
7,kjott-og-kylling,lam-og-vilt,"kr 399,00","kr 266,00 per kg",Hvitløksmarinert Surret Lammestek,"Strøm-Larsen, ca. 1,5 kg"
8,kjott-og-kylling,lam-og-vilt,"kr 369,00","kr 246,00 per kg",Surret Lammestek Naturell,"Strøm-Larsen, ca. 1,5 kg"
9,kjott-og-kylling,lam-og-vilt,"kr 599,00","kr 299,50 per kg",Pinnekjøtt Urøkt,2 kg
10,kjott-og-kylling,lam-og-vilt,"kr 119,00","kr 238,00 per kg",Braisert Lammeskank,ca. 500 g
11,kjott-og-kylling,lam-og-vilt,"kr 99,00","kr 282,86 per kg",Entrecote Av Lam Med Hvit Geitost,ca. 350 g
12,kjott-og-kylling,lam-og-vilt,"kr 599,00","kr 249,58 per kg",Kjøttfullt Pinnekjøtt av Lam Urøkt,"Av Bog & Sider, ca. 2,4 kg"
13,kjott-og-kylling,lam-og-vilt,"kr 478,40","kr 281,41 per kg",Pinnekjøtt av Lam Urøkt,"ca. 1,7 kg"
14,kjott-og-kylling,lam-og-vilt,"kr 478,40","kr 281,41 per kg",Kjøttfullt Pinnekjøtt,"Lammesadel, ca. 1,7 kg"
15,kjott-og-kylling,lam-og-vilt,"kr 249,00","kr 249,00 per kg",Røkt Pinnekjøtt Av Lam,1 kg
16,kjott-og-kylling,lam-og-vilt,"kr 479,00","kr 239,50 per kg",Urøkt Pinnekjøtt,ca. 2 kg
17,kjott-og-kylling,lam-og-vilt,"kr 473,70","kr 278,65 per kg",Røkt Pinnekjøtt,"ca. 1,7 kg"
18,kjott-og-kylling,lam-og-vilt,"kr 139,00","kr 347,50 per kg",Karbonadedeig Av Elg,"Fryst, 400 g"
19,kjott-og-kylling,lam-og-vilt,"kr 599,00","kr 249,58 per kg",Røkt Kjøttfullt Pinnekjøtt av Lam,"Med Bog & Sider, ca. 2,4 kg"
0,kjott-og-kylling,bacon-og-tilbehor,"kr 38,70","kr 368,57 per kg",Stjernebacon Tørrsaltet,105 g
1,kjott-og-kylling,bacon-og-tilbehor,"kr 38,60","kr 214,44 per kg",Skogsbacon,180 g
2,kjott-og-kylling,bacon-og-tilbehor,"kr 36,00","kr 288,00 per kg",Bacon Skivet,125 g
3,kjott-og-kylling,bacon-og-tilbehor,"kr 87,40","kr 218,50 per kg",Bacon Uten Svor,400 g
4,kjott-og-kylling,bacon-og-tilbehor,"kr 26,40","kr 240,00 per kg",Tørrsaltet Bacon uten Svor,110 g
5,kjott-og-kylling,bacon-og-tilbehor,"kr 33,20","kr 221,33 per kg",Strynbacon,150 g
6,kjott-og-kylling,bacon-og-tilbehor,"kr 29,70","kr 212,14 per kg",Kalkunbacon Skivet,140 g
7,kjott-og-kylling,bacon-og-tilbehor,"kr 33,40","kr 303,64 per kg",Grilstad Lev Litt Lettere Filetbacon,110 g
8,kjott-og-kylling,bacon-og-tilbehor,"kr 20,00","kr 250,00 per kg",Bacon Topping,80 g
9,kjott-og-kylling,bacon-og-tilbehor,"kr 48,30","kr 161,00 per kg",Ternet Bacon,"2x150gr, 300 g"
10,kjott-og-kylling,bacon-og-tilbehor,"kr 48,30","kr 193,20 per kg",Bacon i Terninger,"Lutefiskbacon, 250 g"
11,kjott-og-kylling,bacon-og-tilbehor,"kr 20,00","kr 250,00 per kg",Smårettskinke Topping,80 g
12,kjott-og-kylling,bacon-og-tilbehor,"kr 39,70","kr 198,50 per kg",Smårettskinke Strimlet,200 g
13,kjott-og-kylling,bacon-og-tilbehor,"kr 161,50","kr 230,71 per kg",Fjordbacon,ca. 700 g
14,kjott-og-kylling,bacon-og-tilbehor,"kr 188,20","kr 276,76 per kg",Lettsaltet Sideflesk,ca. 680 g
15,kjott-og-kylling,bacon-og-tilbehor,"kr 28,50","kr 203,57 per kg",Stjernebacon,140 g
16,kjott-og-kylling,bacon-og-tilbehor,"kr 47,20","kr 118,00 per kg",Bacon Med Svor Oppskåret,400 g
17,kjott-og-kylling,bacon-og-tilbehor,"kr 42,80","kr 131,69 per kg",Picnic Skinke,325 g
18,kjott-og-kylling,bacon-og-tilbehor,"kr 53,80","kr 107,60 per kg",Bogskinke,500 g
19,kjott-og-kylling,bacon-og-tilbehor,"kr 119,00","kr 476,00 per kg",Tørrsaltet bacon,"I Stk, 250 g"
20,kjott-og-kylling,bacon-og-tilbehor,"kr 38,40","kr 295,38 per kg",Bacon,"i Skiver, 130 g"
21,kjott-og-kylling,bacon-og-tilbehor,"kr 49,80","kr 199,20 per kg",Lutefiskbacon,250 g
22,kjott-og-kylling,bacon-og-tilbehor,"kr 74,90","kr 299,60 per kg",Filetbacon av Fjellgris,"Skivet, 250 g"
23,kjott-og-kylling,bacon-og-tilbehor,"kr 39,90","kr 99,75 per kg",Prima Lutefiskbacon,400 g
0,kjott-og-kylling,kjottdeig-og-karbonadedeig,"kr 74,50","kr 186,25 per kg",Karbonadedeig,"5% fett, 400 g"
1,kjott-og-kylling,kjottdeig-og-karbonadedeig,"kr 66,10","kr 165,25 per kg",Karbonadedeig av Storfe,"5%, 400 g"
2,kjott-og-kylling,kjottdeig-og-karbonadedeig,"kr 39,00","kr 97,50 per kg",Medisterdeig,400 g
3,kjott-og-kylling,kjottdeig-og-karbonadedeig,"kr 105,60","kr 264,00 per kg",Karbonadedeig Økologisk,400 g
4,kjott-og-kylling,kjottdeig-og-karbonadedeig,"kr 75,90","kr 189,75 per kg",Karbonadedeig av Storfe,"5%, 400 g"
5,kjott-og-kylling,kjottdeig-og-karbonadedeig,"kr 139,00","kr 347,50 per kg",Karbonadedeig Av Elg,"Fryst, 400 g"
6,kjott-og-kylling,kjottdeig-og-karbonadedeig,"kr 71,60","kr 179,00 per kg",Kjøttdeig av Storfe 14%,"u/salt og vann, 400 g"
7,kjott-og-kylling,kjottdeig-og-karbonadedeig,"kr 62,50","kr 156,25 per kg",Kjøttdeig,"14% fett, 400 g"
8,kjott-og-kylling,kjottdeig-og-karbonadedeig,"kr 71,80","kr 179,50 per kg","Naturlig godt Kjøttdeig, økologisk","Uten salt og vann, 400 g"
9,kjott-og-kylling,kjottdeig-og-karbonadedeig,"kr 53,20","kr 133,00 per kg",Kjøttdeig,"14%, 400 g"
10,kjott-og-kylling,kjottdeig-og-karbonadedeig,"kr 96,00","kr 240,00 per kg",Kjøttdeig Økologisk,400 g
11,kjott-og-kylling,kjottdeig-og-karbonadedeig,"kr 65,30","kr 163,25 per kg",Kjøttdeig av Storfe,"14%, 400 g"
12,kjott-og-kylling,kjottdeig-og-karbonadedeig,"kr 119,00","kr 238,00 per kg",Økologisk Kyllingkjøttdeig,ca. 500 g
13,kjott-og-kylling,kjottdeig-og-karbonadedeig,"kr 44,80","kr 112,00 per kg",Hverdagslam Kjøttdeig uten Salt og Vann,400 g
14,kjott-og-kylling,kjottdeig-og-karbonadedeig,"kr 129,00","kr 215,00 per kg",Økologisk Medisterdeig av Svin,"Hov Kjøtt, 600 g"
15,kjott-og-kylling,kjottdeig-og-karbonadedeig,"kr 39,90","kr 99,75 per kg",Kvernet Deig Av Svin 8%,400 g
16,kjott-og-kylling,kjottdeig-og-karbonadedeig,"kr 38,20","kr 117,54 per kg",Kjøttdeig Av 100% Kyllingfilet,325 g
17,kjott-og-kylling,kjottdeig-og-karbonadedeig,"kr 43,60","kr 87,20 per kg",Kjøttfarse Snabb Frys,500 g
18,kjott-og-kylling,kjottdeig-og-karbonadedeig,"kr 43,60","kr 87,20 per kg",Medisterfarse Snabb Frys,500 g
19,kjott-og-kylling,kjottdeig-og-karbonadedeig,"kr 142,00","kr 142,00 per kg",Kjøttdeig Fryst,1 kg
20,kjott-og-kylling,kjottdeig-og-karbonadedeig,"kr 52,00","kr 173,33 per kg",Vegan Sojafarse,300 g
21,kjott-og-kylling,kjottdeig-og-karbonadedeig,"kr 41,40","kr 172,50 per kg",Plantebasert Stekt Mince,240 g
22,kjott-og-kylling,kjottdeig-og-karbonadedeig,"kr 57,80","kr 144,50 per kg",Minced Ertebasert,400 g
23,kjott-og-kylling,kjottdeig-og-karbonadedeig,"kr 43,80","kr 146,00 per kg",Shape Me! Minced,300 g
24,kjott-og-kylling,kjottdeig-og-karbonadedeig,"kr 77,90","kr 155,80 per kg",Kjøttdeig,"Fryst, Halal, 500 g"
25,kjott-og-kylling,kjottdeig-og-karbonadedeig,"kr 104,00","kr 247,62 per kg",Økologisk Kalkunkjøttdeig,ca. 420 g
26,kjott-og-kylling,kjottdeig-og-karbonadedeig,"kr 49,90","kr 124,75 per kg",Kvernet Deig Av Storfe 14%,400 g
27,kjott-og-kylling,kjottdeig-og-karbonadedeig,"kr 56,90","kr 142,25 per kg",Kvernet Deig Av Storfe 5%,400 g
28,kjott-og-kylling,kjottdeig-og-karbonadedeig,"kr 27,80","kr 69,50 per kg",Kjøttdeig Av Kylling,"Vår laveste pris, 400 g"
29,kjott-og-kylling,kjottdeig-og-karbonadedeig,"kr 87,40","kr 168,08 per kg",Kebab Porsjon,4 stk
0,kjott-og-kylling,hamburgere,"kr 149,00","kr 232,81 per kg","Hamburger med Koriander, Chili og Persille",4 stk
1,kjott-og-kylling,hamburgere,"kr 99,00","kr 275,00 per kg",Ferske Hamburgere,2 stk
2,kjott-og-kylling,hamburgere,"kr 68,30","kr 213,44 per kg",Juicy Brisket Burger,"2 Stk, 320 g"
3,kjott-og-kylling,hamburgere,"kr 108,40","kr 180,67 per kg",Hamburgere,"6 stk, 600 g"
4,kjott-og-kylling,hamburgere,"kr 29,90","kr 124,58 per kg",Naturli' Burgers,240 g
5,kjott-og-kylling,hamburgere,"kr 43,50","kr 181,25 per kg",Plantebaserte Burgere,2 stk
6,kjott-og-kylling,hamburgere,"kr 88,00","kr 387,67 per kg",Beyond Burger,2 stk
7,kjott-og-kylling,hamburgere,"kr 58,60","kr 117,20 per kg",Vegetarburger med Ost,"4 stk, 500 g"
8,kjott-og-kylling,hamburgere,"kr 57,00","kr 190,00 per kg",Plant-based Burger,300 g
9,kjott-og-kylling,hamburgere,"kr 54,80","kr 242,48 per kg",Sensational Burger,226 g
10,kjott-og-kylling,hamburgere,"kr 39,90","kr 124,69 per kg",Vegetarburgere,"4 stk, 320 g"
11,kjott-og-kylling,hamburgere,"kr 39,90","kr 147,78 per kg",Nacho Spicy Bønneburger,"2 stk, 270 g"
12,kjott-og-kylling,hamburgere,"kr 55,20","kr 345,00 per kg",Pulled BBQ,160 g
13,kjott-og-kylling,hamburgere,"kr 98,90","kr 176,61 per kg",Butcher Burger,4 stk
14,kjott-og-kylling,hamburgere,"kr 122,90","kr 153,63 per kg",Gildeburger Digg Bacon,"8 stk i pk, 800 g"
15,kjott-og-kylling,hamburgere,"kr 120,20","kr 150,25 per kg",Gildeburger 3xcheese,"8 stk i pk, 800 g"
16,kjott-og-kylling,hamburgere,"kr 88,70","kr 110,88 per kg",Gildeburger Classic,"8 stk i pk, 800 g"
17,kjott-og-kylling,hamburgere,"kr 71,40","kr 238,00 per kg",Holy Smoke Storfeburger,"2 Stk, 300 g"
18,kjott-og-kylling,hamburgere,"kr 54,40","kr 181,33 per kg",Chicken Cheeseburger,"2 Stk, 300 g"
19,kjott-og-kylling,hamburgere,"kr 112,40","kr 216,15 per kg",Frosne Hamburgere,"Halal 4 Stk, 520 g"
20,kjott-og-kylling,hamburgere,"kr 101,90","kr 195,96 per kg",Original Hamburger,"4 Stk, 520 g"
21,kjott-og-kylling,hamburgere,"kr 98,40","kr 189,23 per kg",Home style Pepperburger,"4 Stk, 520 g"
22,kjott-og-kylling,hamburgere,"kr 42,20","kr 211,00 per kg",Løvbit,"2x100 g, 200 g"
23,kjott-og-kylling,hamburgere,"kr 72,40","kr 131,64 per kg",Smokey Pulled Pork,550 g
24,kjott-og-kylling,hamburgere,"kr 30,90","kr 103,00 per kg",Hamburgerdressing,300 g
25,kjott-og-kylling,hamburgere,"kr 87,20","kr 87,20 per kg",Hamburger Rå,1 kg
26,kjott-og-kylling,hamburgere,"kr 69,90","kr 309,29 per kg",No Bull Burger,"2 stk, 226 g"
27,kjott-og-kylling,hamburgere,"kr 76,80","kr 295,38 per kg",Salma Brg,"2 Stk Lakseburger, 260 g"
0,kjott-og-kylling,kjottboller-og-karbonader,"kr 119,00","kr 238,00 per kg",Økologiske Medisterkaker,"Hov Kjøtt, 500 g"
1,kjott-og-kylling,kjottboller-og-karbonader,"kr 48,30","kr 120,75 per kg",Medisterkaker,400 g
2,kjott-og-kylling,kjottboller-og-karbonader,"kr 114,60","kr 114,60 per kg",Kjøttkaker,1 kg
3,kjott-og-kylling,kjottboller-og-karbonader,"kr 115,30","kr 115,30 per kg",Karbonader,1 kg
4,kjott-og-kylling,kjottboller-og-karbonader,"kr 66,70","kr 138,96 per kg",Karbonader,"Halal, 480 g"
5,kjott-og-kylling,kjottboller-og-karbonader,"kr 59,90","kr 74,88 per kg",Kjøttkaker Ferske,800 g
6,kjott-og-kylling,kjottboller-og-karbonader,"kr 79,90","kr 159,80 per kg",Medisterkaker,500 g
7,kjott-og-kylling,kjottboller-og-karbonader,"kr 78,90","kr 98,63 per kg",Kjøttkaker,"16 stk, 800 g"
8,kjott-og-kylling,kjottboller-og-karbonader,"kr 91,70","kr 114,63 per kg",Svenske Kjøttboller,Ca 60 stk
9,kjott-og-kylling,kjottboller-og-karbonader,"kr 72,50","kr 241,67 per kg","Tapasboller av kylling,","Med Soltørket tomat og oliven, 300 g"
10,kjott-og-kylling,kjottboller-og-karbonader,"kr 47,80","kr 119,50 per kg",Kyllingkjøttboller,"Halal, 400 g"
11,kjott-og-kylling,kjottboller-og-karbonader,"kr 20,00","kr 153,85 per kg",Spicy Kjøttboller Topping,130 g
12,kjott-og-kylling,kjottboller-og-karbonader,"kr 49,30","kr 164,33 per kg",Veggie Balls,300 g
13,kjott-og-kylling,kjottboller-og-karbonader,"kr 44,80","kr 235,79 per kg",Fersk Falafel,"Med Rødbet, 190 g"
14,kjott-og-kylling,kjottboller-og-karbonader,"kr 44,80","kr 235,79 per kg",Fersk Falafel,190 g
15,kjott-og-kylling,kjottboller-og-karbonader,"kr 43,60","kr 229,47 per kg",Fersk Falafel Brokkoli,190 g
16,kjott-og-kylling,kjottboller-og-karbonader,"kr 42,80","kr 142,67 per kg",Falafel,300 g
17,kjott-og-kylling,kjottboller-og-karbonader,"kr 17,40","kr 145,00 per kg",Peppes Originale Kjøttboller,120 g
18,kjott-og-kylling,kjottboller-og-karbonader,"kr 66,50","kr 221,67 per kg",Kylling Nuggets,300 g
19,kjott-og-kylling,kjottboller-og-karbonader,"kr 59,00","kr 65,56 per kg",XXL Kjøttboller,900 g
20,kjott-og-kylling,kjottboller-og-karbonader,"kr 105,60","kr 117,33 per kg",Nuggets Av Kylling og svinekjøtt,900 g
21,kjott-og-kylling,kjottboller-og-karbonader,"kr 43,50","kr 181,25 per kg",Plantebaserte Nuggets,240 g
22,kjott-og-kylling,kjottboller-og-karbonader,"kr 55,20","kr 306,67 per kg",Crispy Nuggets,180 g
23,kjott-og-kylling,kjottboller-og-karbonader,"kr 52,80","kr 176,00 per kg",Plant-based Nuggets,300 g
24,kjott-og-kylling,kjottboller-og-karbonader,"kr 43,50","kr 181,25 per kg",Plantebaserte Stekte Boller,240 g
25,kjott-og-kylling,kjottboller-og-karbonader,"kr 37,80","kr 126,00 per kg",Miniboller med Hvitløk & Urter,"Liv Laga, 300 g"
26,kjott-og-kylling,kjottboller-og-karbonader,"kr 55,20","kr 306,67 per kg",Schnitzel,180 g
27,kjott-og-kylling,kjottboller-og-karbonader,"kr 35,00","kr 70,00 per kg",Ostesnitzel,"4 stk, 500 g"
28,kjott-og-kylling,kjottboller-og-karbonader,"kr 48,80","kr 162,67 per kg",Ostesteaklet Med Røkt Skinke,300 g
29,kjott-og-kylling,kjottboller-og-karbonader,"kr 59,80","kr 119,60 per kg",Kjøttpudding,500 g
30,kjott-og-kylling,kjottboller-og-karbonader,"kr 49,60","kr 99,20 per kg",Blodpølse Snabb,500 g
31,kjott-og-kylling,kjottboller-og-karbonader,"kr 42,90","kr 53,63 per kg",Karbonader Ferske,800 g
32,kjott-og-kylling,kjottboller-og-karbonader,"kr 30,10","kr 60,20 per kg",Reinsdyrkaker,500 g
33,kjott-og-kylling,kjottboller-og-karbonader,"kr 72,70","kr 89,75 per kg",Karbonadekaker,Ca 9 stk
34,kjott-og-kylling,kjottboller-og-karbonader,"kr 48,80","kr 157,42 per kg",Grønnsaks Nuggets,310 g
35,kjott-og-kylling,kjottboller-og-karbonader,"kr 79,90","kr 177,56 per kg",Grove karbonader,"Med Løk, 5 stk"
36,kjott-og-kylling,kjottboller-og-karbonader,"kr 39,90","kr 147,78 per kg",Lunsjkaker,3 stk
37,kjott-og-kylling,kjottboller-og-karbonader,"kr 69,90","kr 364,06 per kg",No Bull Veganboller,"16 stk, 192 g"
38,kjott-og-kylling,kjottboller-og-karbonader,"kr 49,90","kr 184,81 per kg",Elgkarbonader,3 stk
39,kjott-og-kylling,kjottboller-og-karbonader,"kr 59,90","kr 153,59 per kg",Medisterkaker,6 stk
40,kjott-og-kylling,kjottboller-og-karbonader,"kr 81,90","kr 102,38 per kg",Medisterkaker,800 g
0,kjott-og-kylling,polser,"kr 89,90","kr 224,75 per kg",Hellstrøms Salsiccia Rå,4 stk
1,kjott-og-kylling,polser,"kr 279,00","kr 139,50 per kg",Wienerpølser,Ca. 28 stk
2,kjott-og-kylling,polser,"kr 69,90","kr 233,00 per kg",Over Oslo Pølser med Ramsløk,"Norgesmester 2020, 3 stk"
3,kjott-og-kylling,polser,"kr 69,90","kr 233,00 per kg",Kreolsk Chillipølser,"3 Stk, 300 g"
4,kjott-og-kylling,polser,"kr 69,90","kr 233,00 per kg",Lammepølser,"3 Stk, 300 g"
5,kjott-og-kylling,polser,"kr 69,90","kr 233,00 per kg",Ostepølser med Chili,"Norgesmester 2020, 3 stk"
6,kjott-og-kylling,polser,"kr 69,90","kr 174,75 per kg",Hellstrøms Angus Pølser,4 stk
7,kjott-og-kylling,polser,"kr 69,90","kr 233,00 per kg",Rostbrattwürst Pølser,"3 Stk, 300 g"
8,kjott-og-kylling,polser,"kr 59,90","kr 199,67 per kg",Grillpølser Lange,"3 stk, 300 g"
9,kjott-og-kylling,polser,"kr 79,90","kr 228,29 per kg",Økologisk Bratwurst,"Spikkerud Gård, 3 stk"
10,kjott-og-kylling,polser,"kr 109,00","kr 218,00 per kg",Sosisser,500 g
11,kjott-og-kylling,polser,"kr 73,90","kr 184,75 per kg",Vossakorv,400 g
12,kjott-og-kylling,polser,"kr 41,80","kr 167,20 per kg",Bratwurst-Knacker,250 g
13,kjott-og-kylling,polser,"kr 38,80","kr 155,20 per kg",Chorizo-Knacker,250 g
14,kjott-og-kylling,polser,"kr 40,40","kr 161,60 per kg",Bacon & Ost-Knacker,250 g
15,kjott-og-kylling,polser,"kr 39,80","kr 159,20 per kg",Ost-Knacker,250 g
16,kjott-og-kylling,polser,"kr 107,90","kr 98,09 per kg",Familiewiener 20stk,"20 stk, 1,1 kg"
17,kjott-og-kylling,polser,"kr 105,90","kr 96,27 per kg",Wienerpølser,"20 stk, 1,1 kg"
18,kjott-og-kylling,polser,"kr 59,20","kr 105,71 per kg",Wienerpølse,560 g
19,kjott-og-kylling,polser,"kr 49,80","kr 95,77 per kg",Wienerpølse,"Go og Mager, 520 g"
20,kjott-og-kylling,polser,"kr 44,90","kr 86,35 per kg",Wienerpølse,"8 stk, 520 g"
21,kjott-og-kylling,polser,"kr 46,40","kr 92,80 per kg",Kylling Wiener,"8 Stk, 500 g"
22,kjott-og-kylling,polser,"kr 57,80","kr 115,60 per kg",Kylling Wiener Halal,500 g
23,kjott-og-kylling,polser,"kr 75,40","kr 86,17 per kg",Prima Wienerpølse,"12 stk, 875 g"
24,kjott-og-kylling,polser,"kr 39,80","kr 80,40 per kg",Grillpølse,495 g
25,kjott-og-kylling,polser,"kr 58,90","kr 98,17 per kg",Grillpølse Ost & Chilli,600 g
26,kjott-og-kylling,polser,"kr 32,00","kr 91,43 per kg",Ostegrill,350 g
27,kjott-og-kylling,polser,"kr 35,20","kr 100,57 per kg",Bacongrill med Ost,350 g
28,kjott-og-kylling,polser,"kr 43,70","kr 134,46 per kg",Ostegrill Kylling & Kalkun,325 g
29,kjott-og-kylling,polser,"kr 27,50","kr 55,00 per kg",Kylling Grillpølse,"7 Stk, 500 g"
30,kjott-og-kylling,polser,"kr 40,70","kr 67,83 per kg",Grillpølse,"Go og Mager, 600 g"
31,kjott-og-kylling,polser,"kr 47,00","kr 94,00 per kg",Grillpølse Kylling Halal,500 g
32,kjott-og-kylling,polser,"kr 43,40","kr 90,42 per kg",Ostegrill,"6 stk, 480 g"
33,kjott-og-kylling,polser,"kr 36,00","kr 60,00 per kg",Grillpølse,600 g
34,kjott-og-kylling,polser,"kr 35,60","kr 89,00 per kg",Røkt Julepølse,400 g
35,kjott-og-kylling,polser,"kr 34,80","kr 174,00 per kg",Smårettpølse,200 g
36,kjott-og-kylling,polser,"kr 90,50","kr 75,42 per kg",Røkt Kjøttpølse Original,"1,2 kg"
37,kjott-og-kylling,polser,"kr 30,80","kr 68,44 per kg",Røkt Kjøttpølse,"Skinnfri, 450 g"
38,kjott-og-kylling,polser,"kr 52,20","kr 116,00 per kg",Røkt Kjøttpølse Av Kylling & Kalkun,"Skinnfri, 450 g"
39,kjott-og-kylling,polser,"kr 30,60","kr 68,00 per kg",Røkt Kjøttpølse uten Skinn,"Go og Mager, 450 g"
40,kjott-og-kylling,polser,"kr 43,80","kr 97,33 per kg",Kalkunkorv,450 g
41,kjott-og-kylling,polser,"kr 42,40","kr 106,00 per kg",Falukorv,400 g
42,kjott-og-kylling,polser,"kr 49,60","kr 99,20 per kg",Blodpølse Snabb,500 g
43,kjott-og-kylling,polser,"kr 58,90","kr 147,25 per kg",Falukorv Snabb,400 g
44,kjott-og-kylling,polser,"kr 54,00","kr 180,00 per kg",Plant-based Sausage,"6 stk, 300 g"
45,kjott-og-kylling,polser,"kr 55,20","kr 276,00 per kg",Smoked Sausage,"Plantebasert, 200 g"
46,kjott-og-kylling,polser,"kr 69,90","kr 139,80 per kg",Julepølse,500 g
47,kjott-og-kylling,polser,"kr 49,40","kr 164,67 per kg",Sausages,"5 stk, 300 g"
48,kjott-og-kylling,polser,"kr 42,70","kr 170,80 per kg",Telepølse,250 g
49,kjott-og-kylling,polser,"kr 34,90","kr 48,47 per kg",Prima Røkte Kjøttpølser,720 g
50,kjott-og-kylling,polser,"kr 64,90","kr 216,33 per kg",Bøkerøkt Frankfurter,"Norgesmester 2020, 3 stk"
51,kjott-og-kylling,polser,"kr 49,90","kr 142,57 per kg",Grov Østfolding,"Grov Pølse, 3 stk"
52,kjott-og-kylling,polser,"kr 42,90","kr 107,25 per kg",Urøkt Julepølse,400 g
53,kjott-og-kylling,polser,"kr 29,90","kr 85,43 per kg",Vossakorv,350 g
54,kjott-og-kylling,polser,"kr 42,90","kr 107,25 per kg",Julepølse Kjøttrik,400 g
55,kjott-og-kylling,polser,"kr 44,90","kr 249,44 per kg",Sensational  Sausage,180 g
56,kjott-og-kylling,polser,"kr 49,90","kr 142,57 per kg",Sterk Østfolding,"Grov Pølse, 3 stk"
57,kjott-og-kylling,polser,"kr 22,00","kr 24,44 per kg",Grillpølser,"Vår Laveste Pris, 16 stk"
58,kjott-og-kylling,polser,"kr 14,90","kr 37,25 per kg",Julepølse Kokt,"Laveste Pris, 400 g"
59,kjott-og-kylling,polser,"kr 37,80","kr 94,50 per kg",Julepølse Kokt,400 g
60,kjott-og-kylling,polser,"kr 64,90","kr 216,33 per kg",Løkpølse,"Norgesmester 2020, 3 stk"
61,kjott-og-kylling,polser,"kr 94,90","kr 189,80 per kg",Cumberland Sausages,"10 stk, 500 g"
62,kjott-og-kylling,polser,"kr 44,90","kr 249,44 per kg",Sensational Chorizo,180 g
63,kjott-og-kylling,polser,"kr 59,90","kr 149,75 per kg",Julebratwurst,400 g
64,kjott-og-kylling,polser,"kr 49,90","kr 124,75 per kg",Go'vegan Grillpølser,400 g
65,kjott-og-kylling,polser,"kr 42,90","kr 107,25 per kg",Julepølse,1 stk
0,fisk-og-sjomat,rokt-fisk,"kr 85,70","kr 306,07 per kg",Varmrøkt Pepperlaks,ca. 280 g
1,fisk-og-sjomat,rokt-fisk,"kr 115,70","kr 413,21 per kg",Sweet-Chili Laks i Bit,ca. 280 g
2,fisk-og-sjomat,rokt-fisk,"kr 94,90","kr 379,60 per kg",Røkt Laks i Skiver,250 g
3,fisk-og-sjomat,rokt-fisk,"kr 94,70","kr 473,50 per kg",Røkt Ørret i Skiver,200 g
4,fisk-og-sjomat,rokt-fisk,"kr 61,90","kr 515,83 per kg",Røkt Laks i Skiver,120 g
5,fisk-og-sjomat,rokt-fisk,"kr 49,80","kr 498,00 per kg",Gravet Laks i Skiver,100 g
6,fisk-og-sjomat,rokt-fisk,"kr 129,00","kr 368,57 per kg",Røkt Ørret Skivet,350 g
7,fisk-og-sjomat,rokt-fisk,"kr 26,00","kr 130,00 per kg",Peppermakrell,ca. 200 g
8,fisk-og-sjomat,rokt-fisk,"kr 48,80","kr 488,00 per kg",Einerrøkt Laks Skivet,100 g
9,fisk-og-sjomat,rokt-fisk,"kr 14,30","kr 158,89 per kg",Røkt Laks Skivet,"Vår Laveste Pris, 90 g"
10,fisk-og-sjomat,rokt-fisk,"kr 175,90","kr 351,80 per kg",Røkt Laks i Skiver,500 g
11,fisk-og-sjomat,rokt-fisk,"kr 122,90","kr 472,69 per kg",Einerrøkt Ørret Skivet,260 g
12,fisk-og-sjomat,rokt-fisk,"kr 30,30","kr 137,73 per kg",Spekesildfilet,220 g
13,fisk-og-sjomat,rokt-fisk,"kr 30,30","kr 137,73 per kg",Kryddersildfilet,220 g
14,fisk-og-sjomat,rokt-fisk,"kr 118,90","kr 457,31 per kg",Einerrøkt Laks Skivet,260 g
15,fisk-og-sjomat,rokt-fisk,"kr 38,90","kr 389,00 per kg",Røkt Laks Skivet,100 g
16,fisk-og-sjomat,rokt-fisk,"kr 299,80","kr 299,80 per kg",Varmrøkt Pepperlaks,"Hel Side, ca. 1 kg"
17,fisk-og-sjomat,rokt-fisk,"kr 139,00","kr 556,00 per kg",Kaldrøkt Hval,250 g
18,fisk-og-sjomat,rokt-fisk,"kr 139,00","kr 556,00 per kg",Røyksteamet Gravet Laks,250 g
19,fisk-og-sjomat,rokt-fisk,"kr 98,90","kr 659,33 per kg",SALMA Kaldrøkt laks,150 g
20,fisk-og-sjomat,rokt-fisk,"kr 112,40","kr 321,14 per kg",Røkt Laks Skivet,350 g
21,fisk-og-sjomat,rokt-fisk,"kr 217,50","kr 197,73 per kg",Røkt Laks Hel Side,"Vår Laveste Pris, ca. 1,1 kg"
22,fisk-og-sjomat,rokt-fisk,"kr 389,00","kr 277,86 per kg",Røkt Laks,"Hel Side, ca. 1,4 kg"
23,fisk-og-sjomat,rokt-fisk,"kr 38,90","kr 389,00 per kg",Røkt Ørret Skivet,100 g
24,fisk-og-sjomat,rokt-fisk,"kr 52,40","kr 524,00 per kg",Einerrøkt Ørret Skivet,100 g
0,fisk-og-sjomat,fiskekaker,"kr 93,90","kr 156,50 per kg",Familiens Fiskekaker,"60%, 12 Stk, 600 g"
1,fisk-og-sjomat,fiskekaker,"kr 46,40","kr 185,60 per kg",Pro Burger Ost & Bacon,"65%, 250 g"
2,fisk-og-sjomat,fiskekaker,"kr 77,80","kr 172,89 per kg",Hjemmelagde fiskekaker,"60%, 7 Stk, 450 g"
3,fisk-og-sjomat,fiskekaker,"kr 58,80","kr 235,20 per kg",Burger m/Steinbit & Hvitløk,"56%, 2 Stk, 250 g"
4,fisk-og-sjomat,fiskekaker,"kr 108,40","kr 216,80 per kg",Burger m/Sjalottløk & Fløte,"86%, 500 g"
5,fisk-og-sjomat,fiskekaker,"kr 98,90","kr 197,80 per kg",Burger av Torsk & Hyse,"86%, 500 g"
6,fisk-og-sjomat,fiskekaker,"kr 89,90","kr 179,80 per kg",Burger av Torsk & Sei,"86%, 500 g"
7,fisk-og-sjomat,fiskekaker,"kr 64,30","kr 146,14 per kg",Burger m/Steinbit & Gressløk,"80%, 4 stk"
8,fisk-og-sjomat,fiskekaker,"kr 65,20","kr 148,18 per kg",Burger av Hyse & Torsk,"80%, 4 stk"
9,fisk-og-sjomat,fiskekaker,"kr 64,70","kr 147,05 per kg",Burger m/Purre & Paprika,"80%, 4 stk"
10,fisk-og-sjomat,fiskekaker,"kr 61,10","kr 160,79 per kg",Fiskekaker av Hyse og Sei,"53%, 380 g"
11,fisk-og-sjomat,fiskekaker,"kr 57,90","kr 82,71 per kg",Hjertefiskekaker,"50%, 700 g"
12,fisk-og-sjomat,fiskekaker,"kr 30,00","kr 77,92 per kg",Bestemors Fiskekaker,"51%, 385 g"
13,fisk-og-sjomat,fiskekaker,"kr 49,00","kr 89,09 per kg",Fiskekaker,"70%, Laktosefri, 550 g"
14,fisk-og-sjomat,fiskekaker,"kr 36,70","kr 87,38 per kg",Fløtepudding,"54%, 420 g"
15,fisk-og-sjomat,fiskekaker,"kr 50,00","kr 90,91 per kg",Fiskepudding,"61%, 550 g"
16,fisk-og-sjomat,fiskekaker,"kr 57,90","kr 193,00 per kg",Sprøbakt Torskefilet,"63%, 300 g"
17,fisk-og-sjomat,fiskekaker,"kr 24,90","kr 73,24 per kg",Fiskepudding Snabb,340 g
18,fisk-og-sjomat,fiskekaker,"kr 12,10","kr 24,20 per kg",Fiskekaker,500 g
19,fisk-og-sjomat,fiskekaker,"kr 36,70","kr 73,40 per kg",Fiskeboller,"Vår Laveste Pris, 500 g"
20,fisk-og-sjomat,fiskekaker,"kr 36,80","kr 122,67 per kg",Rekekabaret,300 g
0,fisk-og-sjomat,hermetisert-sjomat,"kr 58,10","kr 290,50 per kg",Reker I Lake,200 g
1,fisk-og-sjomat,hermetisert-sjomat,"kr 74,00","kr 370,00 per kg",Krepsehaler,200 g
2,fisk-og-sjomat,hermetisert-sjomat,"kr 74,80","kr 187,00 per kg",Små Reker I Lake,400 g
3,fisk-og-sjomat,hermetisert-sjomat,"kr 21,80","kr 256,47 per kg",Tunfisk i Olivenolje,85 g
4,fisk-og-sjomat,hermetisert-sjomat,"kr 15,80","kr 185,88 per kg",Tunfisk Thai Chili,85 g
5,fisk-og-sjomat,hermetisert-sjomat,"kr 15,20","kr 178,82 per kg",Tunfisk med Tomat & Basilikum,85 g
6,fisk-og-sjomat,hermetisert-sjomat,"kr 22,90","kr 458,00 per kg",Ansjosfilet,50 g
7,fisk-og-sjomat,hermetisert-sjomat,"kr 19,20","kr 384,00 per kg",Gaffelbiter i Dill,50 g
8,fisk-og-sjomat,hermetisert-sjomat,"kr 19,60","kr 115,29 per kg",Skinnfri Makrell,170 g
9,fisk-og-sjomat,hermetisert-sjomat,"kr 10,00","kr 111,11 per kg",Makrell i Tomat,90 g
10,fisk-og-sjomat,hermetisert-sjomat,"kr 16,90","kr 21,13 per kg",Fiskeboller,800 g
11,fisk-og-sjomat,hermetisert-sjomat,"kr 36,70","kr 87,38 per kg",Fløtepudding,"54%, 420 g"
12,fisk-og-sjomat,hermetisert-sjomat,"kr 31,80","kr 300,00 per kg",Kippers,106 g
13,fisk-og-sjomat,hermetisert-sjomat,"kr 22,00","kr 293,33 per kg",Lodderogn Sort,75 g
14,fisk-og-sjomat,hermetisert-sjomat,"kr 55,40","kr 1108,00 per kg",Ørretrogn,50 g
15,fisk-og-sjomat,hermetisert-sjomat,"kr 80,40","kr 402,00 per kg",Reker i Lake Håndpillede,200 g
16,fisk-og-sjomat,hermetisert-sjomat,"kr 22,00","kr 275,00 per kg",Rød Lodderogn,80 g
17,fisk-og-sjomat,hermetisert-sjomat,"kr 479,90","kr 15996,67 per kg",Russisk Størkaviar,30 g
18,fisk-og-sjomat,hermetisert-sjomat,"kr 28,40","kr 142,00 per kg",Sildakongen Gaffelbiter,200 g
19,fisk-og-sjomat,hermetisert-sjomat,"kr 187,00","kr 1870,00 per kg",Tørrfisksnacks,"Sprø Biter, 100 g"
20,fisk-og-sjomat,hermetisert-sjomat,"kr 163,80","kr 1638,00 per kg",Tørrfisksnacks Filet,100 g
21,fisk-og-sjomat,hermetisert-sjomat,"kr 20,60","kr 111,35 per kg",Tunfisk i Gele,185 g
22,fisk-og-sjomat,hermetisert-sjomat,"kr 40,90","kr 170,42 per kg",Tunfisk i Olivenolje,"Easy Open, 3 stk"
23,fisk-og-sjomat,hermetisert-sjomat,"kr 17,30","kr 93,51 per kg",Tunfisk i Solsikkeolje,185 g
24,fisk-og-sjomat,hermetisert-sjomat,"kr 36,80","kr 153,33 per kg",Tunfisk i Solsikkeolje,"Easy Open, 3 stk"
25,fisk-og-sjomat,hermetisert-sjomat,"kr 9,90","kr 58,24 per kg",Tunfisk i Vann,170 g
26,fisk-og-sjomat,hermetisert-sjomat,"kr 19,90","kr 107,57 per kg",Tunfisk i Vann,185 g
27,fisk-og-sjomat,hermetisert-sjomat,"kr 35,20","kr 110,00 per kg",Tunfisk i Vann Naturell,"Easy Open, 2 stk"
0,fisk-og-sjomat,frossen-fisk-og-sjomat,"kr 58,70","kr 78,27 per kg",Fiskepinner,750 g
1,fisk-og-sjomat,frossen-fisk-og-sjomat,"kr 48,80","kr 101,67 per kg",Fish & Crisp Gourmet,480 g
2,fisk-og-sjomat,frossen-fisk-og-sjomat,"kr 59,70","kr 117,06 per kg",Fiskegrateng god gammeldags,510 g
3,fisk-og-sjomat,frossen-fisk-og-sjomat,"kr 97,90","kr 233,10 per kg",Torsk Gourmet,420 g
4,fisk-og-sjomat,frossen-fisk-og-sjomat,"kr 40,80","kr 107,37 per kg",Ovnsbakt Fisk Italiensk,380 g
5,fisk-og-sjomat,frossen-fisk-og-sjomat,"kr 55,30","kr 55,30 per kg",Familiens Fiskegrateng,1 kg
6,fisk-og-sjomat,frossen-fisk-og-sjomat,"kr 48,10","kr 96,20 per kg",Sprøbakte Fiskefileter,500 g
7,fisk-og-sjomat,frossen-fisk-og-sjomat,"kr 77,80","kr 259,33 per kg",Kapteinens Fylte Rødspette,"Med Reke- og Champignonsaus, 300 g"
8,fisk-og-sjomat,frossen-fisk-og-sjomat,"kr 12,30","kr 49,20 per kg",Crabsticks,250 g
9,fisk-og-sjomat,frossen-fisk-og-sjomat,"kr 54,80","kr 182,67 per kg",Kapteinens Fylte Torsk med Bacon & Kremet Saus,300 g
10,fisk-og-sjomat,frossen-fisk-og-sjomat,"kr 26,80","kr 29,78 per kg",Fiskepinner,"30 stk, 900 g"
11,fisk-og-sjomat,frossen-fisk-og-sjomat,"kr 291,90","kr 145,95 per kg",Torskefilet Sjøfrosset,2 kg
12,fisk-og-sjomat,frossen-fisk-og-sjomat,"kr 143,60","kr 287,20 per kg",Laksefilet Skinn- & Benfri,"Økologisk, 500 g"
13,fisk-og-sjomat,frossen-fisk-og-sjomat,"kr 28,40","kr 113,60 per kg",Spekesild,250 g
14,fisk-og-sjomat,frossen-fisk-og-sjomat,"kr 96,10","kr 240,25 per kg",Scampi Kokt Med Hale,400 g
15,fisk-og-sjomat,frossen-fisk-og-sjomat,"kr 76,40","kr 191,00 per kg",Scampi Rå med Skall,"26/30, 400 g"
16,fisk-og-sjomat,frossen-fisk-og-sjomat,"kr 154,50","kr 429,17 per kg",Frosne Kamskjell,360 g
17,fisk-og-sjomat,frossen-fisk-og-sjomat,"kr 84,90","kr 192,95 per kg",Torskefilet,"4 stk, 440 g"
18,fisk-og-sjomat,frossen-fisk-og-sjomat,"kr 79,90","kr 114,14 per kg",Fiskefilet,"Benfri, Uten skinn, 700 g"
19,fisk-og-sjomat,frossen-fisk-og-sjomat,"kr 64,90","kr 162,25 per kg",Makrellfilet,"4 stk, Benfri, 400 g"
20,fisk-og-sjomat,frossen-fisk-og-sjomat,"kr 89,90","kr 195,43 per kg",Lettrøkt Hysefilet,"4 stk, Benfri, 460 g"
21,fisk-og-sjomat,frossen-fisk-og-sjomat,"kr 71,90","kr 159,78 per kg",Sugo Alle Vongole,450 g
22,fisk-og-sjomat,frossen-fisk-og-sjomat,"kr 19,30","kr 175,45 per kg",Lobnobs,110 g
23,fisk-og-sjomat,frossen-fisk-og-sjomat,"kr 99,90","kr 49,95 per kg",Best Pris Reker,"90+, 2 kg"
24,fisk-og-sjomat,frossen-fisk-og-sjomat,"kr 110,30","kr 245,11 per kg",Argentinske Kongereker,"Rå, 450 g"
25,fisk-og-sjomat,frossen-fisk-og-sjomat,"kr 217,50","kr 217,50 per kg",Ekstra Store Rå Scampi Str 8/12,"Ferdig rensket, 1 kg"
26,fisk-og-sjomat,frossen-fisk-og-sjomat,"kr 39,30","kr 87,33 per kg",Fiskepinner,450 g
27,fisk-og-sjomat,frossen-fisk-og-sjomat,"kr 54,40","kr 362,67 per kg",Frosne Fylte Krabbeskjell,1 stk
28,fisk-og-sjomat,frossen-fisk-og-sjomat,"kr 65,30","kr 65,30 per kg",Frosne Halvkokt Blåskjell,"Chile, Str 60/80, 1 kg"
29,fisk-og-sjomat,frossen-fisk-og-sjomat,"kr 141,10","kr 282,20 per kg",Frosne Kamskjell Uten Rogn,"USA, Str 10/20, 500 g"
30,fisk-og-sjomat,frossen-fisk-og-sjomat,"kr 83,50","kr 167,00 per kg",Frossen Laksefilet,"Uten Skinn, 4 stk"
31,fisk-og-sjomat,frossen-fisk-og-sjomat,"kr 38,20","kr 201,05 per kg",Gulfinnet Tunfiskfilet,"Uten Skinn & Ben, 190 g"
32,fisk-og-sjomat,frossen-fisk-og-sjomat,"kr 87,40","kr 218,50 per kg",Kokte Reker Vannamei,"Str 31/40, 400 g"
33,fisk-og-sjomat,frossen-fisk-og-sjomat,"kr 47,60","kr 95,20 per kg",Lakseporsjoner Med Skinn,4 stk
34,fisk-og-sjomat,frossen-fisk-og-sjomat,"kr 32,70","kr 102,19 per kg",Panert Fiskefilet med Chili,320 g
35,fisk-og-sjomat,frossen-fisk-og-sjomat,"kr 32,70","kr 102,19 per kg",Panert Fiskefilet Med Hvitløk,320 g
36,fisk-og-sjomat,frossen-fisk-og-sjomat,"kr 392,40","kr 426,52 per kg",Sjøfrosne Kamskjell,"Str 20/30, 920 g"
37,fisk-og-sjomat,frossen-fisk-og-sjomat,"kr 851,40","kr 170,28 per kg",Ekstra Store Frosne Reker,"Str 50/70, 5 kg"
38,fisk-og-sjomat,frossen-fisk-og-sjomat,"kr 39,90","kr 162,86 per kg",Fish & Crisp Nuggets,245 g
39,fisk-og-sjomat,frossen-fisk-og-sjomat,"kr 599,00","kr 599,00 per kg",Kokt Kongekrabbe,1 kg
40,fisk-og-sjomat,frossen-fisk-og-sjomat,"kr 72,10","kr 144,20 per kg",Frossen Ørret i Lenke,"Med Skinn, 4 stk"
0,oster,gulost,"kr 104,90","kr 149,86 per kg",Jarlsberg 27%,700 g
1,oster,gulost,"kr 99,90","kr 192,12 per kg",Jarlsberg Vellagret,ca. 520 g
2,oster,gulost,"kr 42,90","kr 171,60 per kg",Jarlsberg 27%,"Skiver, 250 g"
3,oster,gulost,"kr 32,80","kr 273,33 per kg",Tine Jarlsberg Skiver,120 g
4,oster,gulost,"kr 73,30","kr 162,89 per kg",Jarlsberg,"Skorpefri, 450 g"
5,oster,gulost,"kr 80,70","kr 179,33 per kg",Jarlsberg Lettost,"16% Fett, 450 g"
6,oster,gulost,"kr 31,80","kr 212,00 per kg",Jarlsberg Lettere 16%,"Skiver, 150 g"
7,oster,gulost,"kr 58,90","kr 117,80 per kg",Norvegia 27%,ca. 500 g
8,oster,gulost,"kr 81,90","kr 151,67 per kg",Norvegia Vellagret m/skorpe,"9 mnd, ca. 540 g"
9,oster,gulost,"kr 86,00","kr 86,00 per kg",Norvegia Skorpefri,ca. 1 kg
10,oster,gulost,"kr 26,90","kr 179,33 per kg",Norvegia Skiver,150 g
11,oster,gulost,"kr 44,80","kr 149,33 per kg",Norvegia Original 27%,"Skivet, 300 g"
12,oster,gulost,"kr 119,90","kr 144,46 per kg",Norvegia Fyldig,830 g
13,oster,gulost,"kr 54,40","kr 217,60 per kg",Norvegia Fyldig Skivet,250 g
14,oster,gulost,"kr 83,00","kr 166,00 per kg",Norvegia Lettere,"Skorpefri, ca. 500 g"
15,oster,gulost,"kr 27,40","kr 182,67 per kg",Norvegia Lettere i Skiver,150 g
16,oster,gulost,"kr 90,90","kr 181,80 per kg",Norvegia 27%,"Økologisk, 500 g"
17,oster,gulost,"kr 100,20","kr 250,50 per kg",Gouda Modnet Hel,"Økologisk, 400 g"
18,oster,gulost,"kr 81,90","kr 190,47 per kg",Østavind,430 g
19,oster,gulost,"kr 70,60","kr 156,89 per kg",Tine Nøkkelost Skorpefri,ca. 450 g
20,oster,gulost,"kr 30,80","kr 205,33 per kg",Nøkkelost 27%,"Skivet, 150 g"
21,oster,gulost,"kr 30,80","kr 205,33 per kg",Nøkkelost Lettere,"Skivet, 150 g"
22,oster,gulost,"kr 55,80","kr 124,00 per kg",Synnøve Gulost Bit,450 g
23,oster,gulost,"kr 25,10","kr 88,07 per kg",Skivet Gulost,285 g
24,oster,gulost,"kr 69,00","kr 69,00 per kg",Gulost,ca. 1 kg
25,oster,gulost,"kr 22,00","kr 146,67 per kg",Gulost Skivet,150 g
26,oster,gulost,"kr 72,00","kr 160,00 per kg",Synnøve Gulost Lett i Bit,"16% fett, 450 g"
27,oster,gulost,"kr 18,70","kr 124,67 per kg",Lettost 16% Skivet,150 g
28,oster,gulost,"kr 59,80","kr 221,48 per kg",Norsk Port Salut,270 g
29,oster,gulost,"kr 67,50","kr 270,00 per kg",Norsk Alpeost,250 g
30,oster,gulost,"kr 36,80","kr 216,47 per kg",Ridderost Skivet,170 g
31,oster,gulost,"kr 46,00","kr 161,40 per kg",Ridderost,"Kittmodnet Ost 38%, 285 g"
32,oster,gulost,"kr 23,40","kr 234,00 per kg",Gräddost i Skiver,100 g
33,oster,gulost,"kr 82,40","kr 274,67 per kg",Balsfjord,300 g
34,oster,gulost,"kr 52,40","kr 262,00 per kg",Cheddar,200 g
35,oster,gulost,"kr 162,90","kr 362,00 per kg",Västerbottensost,450 g
36,oster,gulost,"kr 64,00","kr 256,00 per kg",Vesterhavsost,"Økologisk, 250 g"
37,oster,gulost,"kr 76,40","kr 224,71 per kg",Vellagret Gouda,340 g
38,oster,gulost,"kr 49,80","kr 249,00 per kg",Go'vegan Skivet,200 g
39,oster,gulost,"kr 65,70","kr 146,00 per kg",Luftig Gulost,450 g
40,oster,gulost,"kr 27,90","kr 186,00 per kg",Luftig Gulost Skivet,150 g
41,oster,gulost,"kr 65,70","kr 146,00 per kg",Fyldig Gouda 29%,450 g
42,oster,gulost,"kr 27,90","kr 186,00 per kg",Fyldig Gouda Skivet 29%,150 g
43,oster,gulost,"kr 24,80","kr 190,77 per kg",Taffel Tomatost Skiver,130 g
44,oster,gulost,"kr 54,80","kr 137,00 per kg",Taffelost Tomat,400 g
45,oster,gulost,"kr 19,80","kr 158,40 per kg",Skivet Gräddost,125 g
46,oster,gulost,"kr 56,90","kr 455,20 per kg",Gouda Laktosefri Skivet 125,125 g
47,oster,gulost,"kr 31,20","kr 312,00 per kg",Mozzarella Ostestrenger,100 g
48,oster,gulost,"kr 34,40","kr 34,40 per stk",TINE Cheesepop Gouda,65 g
49,oster,gulost,"kr 69,50","kr 463,33 per kg",Tapas Party,150 g
50,oster,gulost,"kr 42,70","kr 106,75 per kg",Gulost Skivet,"2 x 200g, 400 g"
51,oster,gulost,"kr 74,80","kr 68,00 per kg",Gulost,"ca. 1,1 kg"
52,oster,gulost,"kr 35,90","kr 224,38 per kg",Cheddar Burgerost,"Norskprodusert, 160 g"
53,oster,gulost,"kr 148,90","kr 175,18 per kg",Edamer Vellagret,850 g
54,oster,gulost,"kr 79,00","kr 92,94 per kg",Edamer,850 g
55,oster,gulost,,"kr 95,20 per kg",Norvegia Fyldig,1 kg
0,oster,revet-ost,"kr 39,80","kr 132,67 per kg",Revet Ost Original,300 g
1,oster,revet-ost,"kr 47,70","kr 190,80 per kg",Revet Ost 4 Oster,250 g
2,oster,revet-ost,"kr 52,50","kr 116,67 per kg",Revet Økonomiblanding,450 g
3,oster,revet-ost,"kr 31,30","kr 142,27 per kg",Apetina Mozzarella,"Revet, 220 g"
4,oster,revet-ost,"kr 32,30","kr 161,50 per kg",Jarlsberg Revet,200 g
5,oster,revet-ost,"kr 41,20","kr 82,40 per kg",Pizzatopping og Gulost,500 g
6,oster,revet-ost,"kr 36,70","kr 203,89 per kg",Revet,"Gulost, Cheddar, Emmenthaler, 180 g"
7,oster,revet-ost,"kr 33,10","kr 183,89 per kg",Mozzarella Revet 22%,180 g
8,oster,revet-ost,"kr 34,20","kr 171,00 per kg",Revet Cheddar,"Taste Lab, 200 g"
9,oster,revet-ost,"kr 36,80","kr 184,00 per kg",Revet Ostemix,"Taste Lab, 200 g"
10,oster,revet-ost,"kr 43,80","kr 146,00 per kg",Revet Ost Pizza,300 g
11,oster,revet-ost,"kr 49,80","kr 249,00 per kg",Go'vegan Revet,200 g
0,oster,brunost,"kr 55,90","kr 111,80 per kg",Gudbrandsdalsost G35,500 g
1,oster,brunost,"kr 85,70","kr 85,70 per kg",Gudbrandsdalsost,1 kg
2,oster,brunost,"kr 82,70","kr 82,70 per kg",Fløtemysost,1 kg
3,oster,brunost,"kr 59,60","kr 119,20 per kg",Fløtemysost,500 g
4,oster,brunost,"kr 75,30","kr 150,60 per kg",Bestemorost,500 g
5,oster,brunost,"kr 107,00","kr 214,00 per kg",Spesial Stølstype Ekte Geitost,500 g
6,oster,brunost,"kr 62,80","kr 125,60 per kg",Gudbrandsdalsost,"Lettere, 500 g"
7,oster,brunost,"kr 64,00","kr 128,00 per kg",Fløtemysost,"Lettere, 500 g"
8,oster,brunost,"kr 18,80","kr 144,62 per kg",Skivet Gudbrandsdalsost,130 g
9,oster,brunost,"kr 20,80","kr 138,67 per kg",Synnøve Gudbrand Skivet,150 g
10,oster,brunost,"kr 19,30","kr 148,46 per kg",Fløtemysost skivet,130 g
11,oster,brunost,"kr 52,80","kr 67,69 per kg",Gudbrandsdalsost,780 g
12,oster,brunost,"kr 21,80","kr 167,69 per kg",Fløtemysost Lettere,"Skivet, 130 g"
13,oster,brunost,"kr 41,80","kr 87,08 per kg",Fløtemysost,480 g
14,oster,brunost,"kr 21,80","kr 145,33 per kg",Synnøve Fløtemysost Skivet,150 g
15,oster,brunost,"kr 35,80","kr 275,38 per kg",Ekte Geitost Skivet,130 g
16,oster,brunost,"kr 65,40","kr 130,80 per kg",Geitost Ekte FG33,500 g
17,oster,brunost,"kr 46,80","kr 97,50 per kg",Synnøve Gudbrandsdalsost,480 g
18,oster,brunost,"kr 54,80","kr 54,80 per stk",Krydret Julebrunost,500 g
0,oster,smoreost-og-prim,"kr 30,60","kr 153,00 per kg",Philadelphia Original,200 g
1,oster,smoreost-og-prim,"kr 29,80","kr 149,00 per kg",Philadelphia Original Light,200 g
2,oster,smoreost-og-prim,"kr 32,80","kr 187,43 per kg",Philadelphia Laktosefri,175 g
3,oster,smoreost-og-prim,"kr 32,80","kr 164,00 per kg",Philadelphia Hvitløk & Urter,200 g
4,oster,smoreost-og-prim,"kr 32,60","kr 186,29 per kg",Philadelphia Krydder,175 g
5,oster,smoreost-og-prim,"kr 33,40","kr 167,00 per kg",Philadelphia Gressløk,200 g
6,oster,smoreost-og-prim,"kr 14,90","kr 119,20 per kg",Kremost,"Krydder, 125 g"
7,oster,smoreost-og-prim,"kr 16,80","kr 134,40 per kg",Kremost,"Urter, 125 g"
8,oster,smoreost-og-prim,"kr 15,70","kr 125,60 per kg",Kremost,"Naturell, 125 g"
9,oster,smoreost-og-prim,"kr 32,80","kr 164,00 per kg",Karveost,"Beger, 200 g"
10,oster,smoreost-og-prim,"kr 28,60","kr 228,80 per kg",Snøfrisk Rødløk & Timian,125 g
11,oster,smoreost-og-prim,"kr 32,40","kr 259,20 per kg",Snøfrisk Dill,125 g
12,oster,smoreost-og-prim,"kr 33,90","kr 271,20 per kg",Snøfrisk Ramsløk & Hvitløk,125 g
13,oster,smoreost-og-prim,"kr 21,20","kr 169,60 per kg",Snøfrisk Naturell,125 g
14,oster,smoreost-og-prim,"kr 29,70","kr 99,00 per kg",Sprett Pluss Prim,"Helt naturlig, 300 g"
15,oster,smoreost-og-prim,"kr 28,40","kr 94,67 per kg",Prim Lett,"4% fett, 300 g"
16,oster,smoreost-og-prim,"kr 25,20","kr 84,00 per kg",Prim Original,"8% fett, 300 g"
17,oster,smoreost-og-prim,"kr 19,80","kr 104,21 per kg",Herkules Prim,190 g
18,oster,smoreost-og-prim,"kr 32,30","kr 184,57 per kg",Baconost,"Tube, 175 g"
19,oster,smoreost-og-prim,"kr 27,90","kr 186,00 per kg",Crème Chérie,"Kirsebær, 150 g"
20,oster,smoreost-og-prim,"kr 26,80","kr 153,14 per kg",Jalapeño Ost,"Tube, 175 g"
21,oster,smoreost-og-prim,"kr 34,20","kr 342,00 per kg",Kremoster Minimiks,100 g
22,oster,smoreost-og-prim,"kr 26,80","kr 153,14 per kg",Magerost Jalapeno,175 g
23,oster,smoreost-og-prim,"kr 26,80","kr 153,14 per kg",Magerost Kylling,"Tube, 175 g"
24,oster,smoreost-og-prim,"kr 26,80","kr 153,14 per kg",Mager Skinkeost,"Tube, 175 g"
25,oster,smoreost-og-prim,"kr 33,40","kr 190,86 per kg",Rekeost,"Tube, 175 g"
26,oster,smoreost-og-prim,"kr 31,40","kr 179,43 per kg",Skinkeost,"Tube, 175 g"
27,oster,smoreost-og-prim,"kr 40,80","kr 233,14 per kg",Smaksrik Chili Paprika,"Tube, 175 g"
28,oster,smoreost-og-prim,"kr 54,40","kr 2,27 per stk",Philadelphia Original Kuvert,"16,7g, 24 stk"
29,oster,smoreost-og-prim,"kr 29,80","kr 180,61 per kg",Norvegia Smøreost Med Bacon,165 g
30,oster,smoreost-og-prim,"kr 29,80","kr 180,61 per kg",Norvegia Smøreost Med Skinke,165 g
0,oster,spesialoster,"kr 152,00","kr 475,00 per kg",Bufar,320 g
1,oster,spesialoster,"kr 62,20","kr 248,80 per kg",Brie de Paris,250 g
2,oster,spesialoster,"kr 56,80","kr 227,20 per kg",Camembert Le Rustique,250 g
3,oster,spesialoster,"kr 120,90","kr 483,60 per kg",Le Crémier de Chaumes,250 g
4,oster,spesialoster,"kr 98,40","kr 492,00 per kg",Chablis,"Rødkittost, 200 g"
5,oster,spesialoster,"kr 130,20","kr 651,00 per kg",Petit Delice Des Cremieres,200 g
6,oster,spesialoster,"kr 52,80","kr 211,20 per kg",Camembert,250 g
7,oster,spesialoster,"kr 173,80","kr 695,20 per kg",Epoisses de Bourgogne AOP,250 g
8,oster,spesialoster,"kr 86,30","kr 431,50 per kg",Taleggio DOP,200 g
9,oster,spesialoster,"kr 92,80","kr 742,40 per kg",Saint Agur,125 g
10,oster,spesialoster,"kr 72,80","kr 728,00 per kg",Roquefort Vernieres AOP,100 g
11,oster,spesialoster,"kr 34,70","kr 231,33 per kg",Selbu Blå,150 g
12,oster,spesialoster,"kr 41,10","kr 274,00 per kg",Norzola,150 g
13,oster,spesialoster,"kr 50,00","kr 333,33 per kg",Tine Dovretinde,150 g
14,oster,spesialoster,"kr 45,80","kr 229,00 per kg",Castello Guldbrie,200 g
15,oster,spesialoster,"kr 53,80","kr 358,67 per kg",Gamalost Frå Vik,150 g
16,oster,spesialoster,"kr 49,80","kr 398,40 per kg",Mozzarella di Bufala Fersk,125 g
17,oster,spesialoster,"kr 21,70","kr 173,60 per kg",Ambrosi Mozzarella,"Italia, 125 g"
18,oster,spesialoster,"kr 21,10","kr 168,80 per kg",Fersk Mozzarella,"Alpinetta, 125 g"
19,oster,spesialoster,"kr 32,60","kr 260,80 per kg",Økologisk Mozzarella,125 g
20,oster,spesialoster,"kr 59,80","kr 314,74 per kg",Chevre Haukeli Naturell,190 g
21,oster,spesialoster,"kr 62,50","kr 520,83 per kg",Chevre Ramsløk Haukeli,120 g
22,oster,spesialoster,"kr 54,30","kr 452,50 per kg",Chèvre,120 g
23,oster,spesialoster,"kr 93,90","kr 469,50 per kg",Grana Padano Trekant 10 mnd DOP,200 g
24,oster,spesialoster,"kr 80,00","kr 400,00 per kg",Michelangelo Parmesan,200 g
25,oster,spesialoster,"kr 57,80","kr 385,33 per kg",Parmiggiano,150 g
26,oster,spesialoster,"kr 63,60","kr 424,00 per kg",Parmigiano Reggiano,150 g
27,oster,spesialoster,"kr 46,20","kr 369,60 per kg",Parmigiano Reggiano Stick,"Michelangelo, 125 g"
28,oster,spesialoster,"kr 57,80","kr 462,40 per kg",Parmigiano Reggiano Parmesan Stick,"15 mnd DOP, 125 g"
29,oster,spesialoster,"kr 63,60","kr 318,00 per kg",Grana Padano,200 g
30,oster,spesialoster,"kr 87,40","kr 437,00 per kg",Manchego 3 mnd DOP,200 g
31,oster,spesialoster,"kr 60,60","kr 404,00 per kg",Manchego DOP,"Lagret 6 mnd, 150 g"
32,oster,spesialoster,"kr 34,30","kr 228,67 per kg",Castello Hvit,150 g
33,oster,spesialoster,"kr 34,30","kr 228,67 per kg",Castello White med Chili,150 g
34,oster,spesialoster,"kr 31,40","kr 209,33 per kg",Castello Blå,150 g
35,oster,spesialoster,"kr 39,80","kr 331,67 per kg",Babybel Mini,120 g
36,oster,spesialoster,"kr 48,70","kr 324,67 per kg",Greco Ekte Fetaost,150 g
37,oster,spesialoster,"kr 51,80","kr 259,00 per kg",Gresk Feta PDO,200 g
38,oster,spesialoster,"kr 73,10","kr 365,50 per kg",Gresk Feta PDO,"Økologisk, 200 g"
39,oster,spesialoster,"kr 34,60","kr 230,67 per kg",Ekte Feta,"Olympus, 150 g"
40,oster,spesialoster,"kr 31,80","kr 159,00 per kg",Apetina Classic,200 g
41,oster,spesialoster,"kr 39,60","kr 198,00 per kg",Apetina Laktosefri,200 g
42,oster,spesialoster,"kr 41,10","kr 205,50 per kg",Fetaost,200 g
43,oster,spesialoster,"kr 18,00","kr 180,00 per kg",Apetinaterninger Med Soltørket Tomater,100 g
44,oster,spesialoster,"kr 37,90","kr 143,02 per kg",Apetina Marinert,"Herbs & Spices, 265 g"
45,oster,spesialoster,"kr 35,00","kr 175,00 per kg",Toastost Skivet,200 g
46,oster,spesialoster,"kr 65,80","kr 199,39 per kg",Ekte Hvit Geitost,330 g
47,oster,spesialoster,"kr 49,80","kr 332,00 per kg",Cheddar Engelsk,"Skivet, 150 g"
48,oster,spesialoster,"kr 82,40","kr 274,67 per kg",Balsfjord,300 g
49,oster,spesialoster,"kr 69,80","kr 279,20 per kg",Halloumi,"Classic fra Alambra, 250 g"
50,oster,spesialoster,"kr 86,30","kr 392,27 per kg",Prima Donna Fino,220 g
51,oster,spesialoster,"kr 92,80","kr 421,82 per kg",Prima Donna Maturo,220 g
52,oster,spesialoster,"kr 162,90","kr 465,43 per kg",Helin Nøkkelost,350 g
53,oster,spesialoster,"kr 52,40","kr 262,00 per kg",Cheddar,200 g
54,oster,spesialoster,"kr 119,30","kr 596,50 per kg",Cheddar Little Black Bomber,200 g
55,oster,spesialoster,"kr 37,40","kr 467,50 per kg",Parmigiano Reggiano Revet,80 g
56,oster,spesialoster,"kr 76,40","kr 509,33 per kg",Saint Agur Creme,150 g
57,oster,spesialoster,"kr 56,40","kr 376,00 per kg",Gorgonzola Dolce,150 g
58,oster,spesialoster,"kr 59,80","kr 239,20 per kg",Mascarpone,250 g
59,oster,spesialoster,"kr 27,90","kr 186,00 per kg",Crème Chérie,"Kirsebær, 150 g"
60,oster,spesialoster,"kr 53,70","kr 358,00 per kg",Fryd Crème Pepper,150 g
61,oster,spesialoster,"kr 50,80","kr 338,67 per kg",Fryd Crème Aprikos,150 g
62,oster,spesialoster,"kr 92,80","kr 742,40 per kg",Le Roulé Tranebær,125 g
63,oster,spesialoster,"kr 87,40","kr 699,20 per kg",Rambol Valnøtt,125 g
64,oster,spesialoster,"kr 65,30","kr 653,00 per kg",Tartare Aperifrais Provence,100 g
65,oster,spesialoster,"kr 34,20","kr 342,00 per kg",Kremoster Minimiks,100 g
66,oster,spesialoster,"kr 53,40","kr 296,67 per kg",Pultost Løiten,180 g
67,oster,spesialoster,"kr 34,70","kr 138,80 per kg",Mozzarella Sticks,"Taste Lab, 250 g"
68,oster,spesialoster,"kr 25,80","kr 184,29 per kg",Den Leende Ku,"8 pakker, 140 g"
69,oster,spesialoster,"kr 39,70","kr 317,60 per kg",Blåmuggost,125 g
0,serveringsklare-retter,smoothies-og-yoghurt,"kr 25,10","kr 125,50 per l",Rå Bær Smoothie,200 ml
1,serveringsklare-retter,smoothies-og-yoghurt,"kr 15,80","kr 105,33 per kg",Byggrynslunsj UTEN,"Med Jordbær & Lime, 150 g"
2,serveringsklare-retter,smoothies-og-yoghurt,"kr 16,40","kr 109,33 per kg",Byggrynslunsj UTEN,"Med Eple & Pære, 150 g"
3,serveringsklare-retter,smoothies-og-yoghurt,"kr 18,80","kr 150,40 per kg",Skyr Mango og Pasjonsfrukt,125 g
4,serveringsklare-retter,smoothies-og-yoghurt,"kr 18,60","kr 146,46 per kg",Tine Yoghurt Nyt Lakris,127 g
5,serveringsklare-retter,smoothies-og-yoghurt,"kr 24,80","kr 155,00 per kg",Gresk Yoghurt Salted Caramel,160 g
6,serveringsklare-retter,smoothies-og-yoghurt,"kr 24,80","kr 156,96 per kg",Synnøve Gresk Yoghurt Lemon Cheesecake,158 g
7,serveringsklare-retter,smoothies-og-yoghurt,"kr 31,40","kr 198,73 per kg","Yogrøt Med Mango, Fersken & Pekan",158 g
0,serveringsklare-retter,ferdig-pasmurt,"kr 59,90","kr 59,90 per stk",Nysmurt Ciabatta Med Ost & Skinke,1 stk
1,serveringsklare-retter,ferdig-pasmurt,"kr 59,90","kr 59,90 per stk",Nysmurt Ciabatta Med Kylling,1 stk
2,serveringsklare-retter,ferdig-pasmurt,"kr 59,90","kr 59,90 per stk",Nysmurt Ciabatta Med Røkt Laks og Eggerøre,1 stk
3,serveringsklare-retter,ferdig-pasmurt,"kr 59,90","kr 272,27 per kg",Nysmurt Ciabatta Med Roastbeef,220 g
4,serveringsklare-retter,ferdig-pasmurt,"kr 49,90","kr 49,90 per stk",Nysmurt Vegetar Wraps,1 stk
5,serveringsklare-retter,ferdig-pasmurt,"kr 49,90","kr 49,90 per stk",Nysmurt Wrap Med Ost og Skinke,1 stk
6,serveringsklare-retter,ferdig-pasmurt,"kr 109,00","kr 109,00 per stk",Kyllingsalat,1 stk
7,serveringsklare-retter,ferdig-pasmurt,"kr 109,00","kr 109,00 per stk",Salat med Ost Og skinke,1 stk
8,serveringsklare-retter,ferdig-pasmurt,"kr 109,00","kr 109,00 per stk",Rekesalat,1 stk
9,serveringsklare-retter,ferdig-pasmurt,"kr 32,60","kr 171,58 per kg",Grov Toast,"Med Kylling & Ramsløk, 2 stk"
10,serveringsklare-retter,ferdig-pasmurt,"kr 29,50","kr 163,89 per kg",Original Wienertoast,2 stk
11,serveringsklare-retter,ferdig-pasmurt,"kr 38,80","kr 215,56 per kg",Glutenfri Wienertoast,2 stk
0,palegg,kjott-og-kyllingpalegg,"kr 28,30","kr 283,00 per kg",Kokt skinke,"Håndlagt, 100 g"
1,palegg,kjott-og-kyllingpalegg,"kr 37,20","kr 372,00 per kg",Roastbiff,100 g
2,palegg,kjott-og-kyllingpalegg,"kr 32,60","kr 326,00 per kg",Provenceskinke,"Med Oliven, 100 g"
3,palegg,kjott-og-kyllingpalegg,"kr 29,10","kr 291,00 per kg",Sylte Skivet,100 g
4,palegg,kjott-og-kyllingpalegg,"kr 32,60","kr 326,00 per kg",Ardenneskinke,100 g
5,palegg,kjott-og-kyllingpalegg,"kr 32,60","kr 326,00 per kg",Ribberull,100 g
6,palegg,kjott-og-kyllingpalegg,"kr 32,60","kr 326,00 per kg",Gourmetskinke,100 g
7,palegg,kjott-og-kyllingpalegg,"kr 32,60","kr 326,00 per kg",Marinert & Kydret Skinkebiff,100 g
8,palegg,kjott-og-kyllingpalegg,"kr 32,60","kr 326,00 per kg",Pepperskinke,100 g
9,palegg,kjott-og-kyllingpalegg,"kr 38,20","kr 382,00 per kg",Røkt Kalkunbryst,100 g
10,palegg,kjott-og-kyllingpalegg,"kr 32,60","kr 326,00 per kg",Kyllingpastrami,100 g
11,palegg,kjott-og-kyllingpalegg,"kr 38,20","kr 382,00 per kg",Urtemarinert Kalkunbryst,100 g
12,palegg,kjott-og-kyllingpalegg,"kr 69,90","kr 349,50 per kg",Mortadella i Skiver,200 g
13,palegg,kjott-og-kyllingpalegg,"kr 89,00","kr 445,00 per kg",Oppskåret Lammerull,200 g
14,palegg,kjott-og-kyllingpalegg,"kr 91,60","kr 458,00 per kg",Kalkunskinke Skivet,200 g
15,palegg,kjott-og-kyllingpalegg,"kr 99,00","kr 495,00 per kg",Økologisk Provenceskinke Skivet,200 g
16,palegg,kjott-og-kyllingpalegg,"kr 100,90","kr 504,50 per kg",Røkt Skinke,200 g
17,palegg,kjott-og-kyllingpalegg,"kr 91,60","kr 458,00 per kg",Vikingskinke i Skiver,200 g
18,palegg,kjott-og-kyllingpalegg,"kr 105,60","kr 528,00 per kg",Salami Skivet,200 g
19,palegg,kjott-og-kyllingpalegg,"kr 119,00","kr 595,00 per kg",Spekeskinke,"I Skiver, 200 g"
20,palegg,kjott-og-kyllingpalegg,"kr 39,80","kr 331,67 per kg",Bøkerøkt Skinke,120 g
21,palegg,kjott-og-kyllingpalegg,"kr 36,80","kr 368,00 per kg",Hawaiifilet,100 g
22,palegg,kjott-og-kyllingpalegg,"kr 36,00","kr 360,00 per kg",Løvskåret Pepperskinke,100 g
23,palegg,kjott-og-kyllingpalegg,"kr 32,50","kr 325,00 per kg",Provencefilet,100 g
24,palegg,kjott-og-kyllingpalegg,"kr 31,70","kr 317,00 per kg",Svinestek av Filet,100 g
25,palegg,kjott-og-kyllingpalegg,"kr 29,60","kr 296,00 per kg",Krydret Skinke,100 g
26,palegg,kjott-og-kyllingpalegg,"kr 29,00","kr 290,00 per kg",Bøkerøkt Herregårdsskinke,100 g
27,palegg,kjott-og-kyllingpalegg,"kr 32,50","kr 325,00 per kg",Vår Beste Skinke,100 g
28,palegg,kjott-og-kyllingpalegg,"kr 29,00","kr 290,00 per kg",Roastbeef,100 g
29,palegg,kjott-og-kyllingpalegg,"kr 35,80","kr 358,00 per kg",Skinkestek,100 g
30,palegg,kjott-og-kyllingpalegg,"kr 39,40","kr 394,00 per kg",Roastbiff,100 g
31,palegg,kjott-og-kyllingpalegg,"kr 39,00","kr 390,00 per kg",Bøkerrøkt Skinke Økologisk,100 g
32,palegg,kjott-og-kyllingpalegg,"kr 29,00","kr 290,00 per kg",Kokt Skinke Økologisk,100 g
33,palegg,kjott-og-kyllingpalegg,"kr 79,50","kr 397,50 per kg",Roastbeef,"Grillet, 200 g"
34,palegg,kjott-og-kyllingpalegg,"kr 69,90","kr 349,50 per kg",Oppskåret Sylte,200 g
35,palegg,kjott-og-kyllingpalegg,"kr 44,20","kr 221,00 per kg",Kokt Skinke,"Håndlaget, 200 g"
36,palegg,kjott-og-kyllingpalegg,"kr 28,50","kr 142,50 per kg",Hamburgerrygg,200 g
37,palegg,kjott-og-kyllingpalegg,"kr 22,50","kr 112,50 per kg",Gjesteskinke,200 g
38,palegg,kjott-og-kyllingpalegg,"kr 22,50","kr 112,50 per kg",Servelat,200 g
39,palegg,kjott-og-kyllingpalegg,"kr 102,10","kr 204,20 per kg",Kokt Skinke,"80% Kjøtt, 500 g"
40,palegg,kjott-og-kyllingpalegg,"kr 32,00","kr 290,91 per kg",Skinke Løvtynn,110 g
41,palegg,kjott-og-kyllingpalegg,"kr 39,80","kr 361,82 per kg",Hamburgerrygg Løvtynn,110 g
42,palegg,kjott-og-kyllingpalegg,"kr 32,40","kr 294,55 per kg",Krydderskinke Skivet,110 g
43,palegg,kjott-og-kyllingpalegg,"kr 33,40","kr 222,67 per kg",Kokt Skinke,150 g
44,palegg,kjott-og-kyllingpalegg,"kr 32,80","kr 298,18 per kg",Hamburgerrygg,110 g
45,palegg,kjott-og-kyllingpalegg,"kr 40,40","kr 269,33 per kg",Hamburgerrygg,150 g
46,palegg,kjott-og-kyllingpalegg,"kr 32,80","kr 298,18 per kg",Kalverullade,110 g
47,palegg,kjott-og-kyllingpalegg,"kr 31,90","kr 212,67 per kg",Familieskinke Skivet,150 g
48,palegg,kjott-og-kyllingpalegg,"kr 40,00","kr 266,67 per kg",Familieskinke Krydret Skivet,150 g
49,palegg,kjott-og-kyllingpalegg,"kr 24,70","kr 164,67 per kg",Servelat,150 g
50,palegg,kjott-og-kyllingpalegg,"kr 30,40","kr 304,00 per kg",Kokt Tunge Skivet,100 g
51,palegg,kjott-og-kyllingpalegg,"kr 14,10","kr 128,18 per kg",Servelat,110 g
52,palegg,kjott-og-kyllingpalegg,"kr 22,80","kr 207,27 per kg",Kokt Skinke Skivet,110 g
53,palegg,kjott-og-kyllingpalegg,"kr 13,40","kr 134,00 per kg",Go & Mager Servelat,100 g
54,palegg,kjott-og-kyllingpalegg,"kr 24,00","kr 240,00 per kg",Kokt Skinke,100 g
55,palegg,kjott-og-kyllingpalegg,"kr 26,80","kr 268,00 per kg",Pepperskinke,100 g
56,palegg,kjott-og-kyllingpalegg,"kr 43,00","kr 390,91 per kg",Løvtynn Kalkunfilet,110 g
57,palegg,kjott-og-kyllingpalegg,"kr 22,80","kr 207,27 per kg",Kalkun Krydderskinke Skivet,110 g
58,palegg,kjott-og-kyllingpalegg,"kr 22,90","kr 286,25 per kg",Kyllingfilet Røkt Bøkeflis,80 g
59,palegg,kjott-og-kyllingpalegg,"kr 22,70","kr 283,75 per kg",Kyllingpålegg Naturell,80 g
60,palegg,kjott-og-kyllingpalegg,"kr 23,40","kr 292,50 per kg",Kyllingfilet med Paprika,80 g
61,palegg,kjott-og-kyllingpalegg,"kr 23,40","kr 292,50 per kg",Kyllingfilet Basilikum,80 g
62,palegg,kjott-og-kyllingpalegg,"kr 34,40","kr 312,73 per kg",Kalkunfilet Med Grovkvernet Pepper,110 g
63,palegg,kjott-og-kyllingpalegg,"kr 37,70","kr 342,73 per kg",Kalkunfilet Røkt Skivet,110 g
64,palegg,kjott-og-kyllingpalegg,"kr 29,50","kr 368,75 per kg",Vegetarpålegg Naturell,80 g
65,palegg,kjott-og-kyllingpalegg,"kr 29,50","kr 368,75 per kg",Vegetarpålegg Pepper,80 g
66,palegg,kjott-og-kyllingpalegg,"kr 33,70","kr 337,00 per kg",Okserull,100 g
67,palegg,kjott-og-kyllingpalegg,"kr 31,60","kr 316,00 per kg",Sylte Oppskåret,100 g
68,palegg,kjott-og-kyllingpalegg,"kr 50,40","kr 504,00 per kg",Tungerull Oppskåret,100 g
69,palegg,kjott-og-kyllingpalegg,"kr 42,40","kr 106,00 per kg",Falukorv,400 g
0,palegg,spekemat-og-salami,"kr 82,50","kr 343,75 per kg",Hola Serrano,240 g
1,palegg,spekemat-og-salami,"kr 41,40","kr 318,46 per kg",Salami Siliana Skivet,130 g
2,palegg,spekemat-og-salami,"kr 55,20","kr 276,00 per kg",Salami,"Skivet, 200 g"
3,palegg,spekemat-og-salami,"kr 34,60","kr 346,00 per kg",Jubelsalami,100 g
4,palegg,spekemat-og-salami,"kr 35,80","kr 275,38 per kg",Nistesalami,130 g
5,palegg,spekemat-og-salami,"kr 27,20","kr 340,00 per kg",Gullsalami,80 g
6,palegg,spekemat-og-salami,"kr 47,60","kr 317,33 per kg",Gullsalami,150 g
7,palegg,spekemat-og-salami,"kr 36,90","kr 369,00 per kg",Jubelsalami Med Pepper,100 g
8,palegg,spekemat-og-salami,"kr 34,90","kr 205,29 per kg",Jubelsalami,170 g
9,palegg,spekemat-og-salami,"kr 38,70","kr 286,67 per kg",Jubelsalami,135 g
10,palegg,spekemat-og-salami,"kr 72,40","kr 344,76 per kg",Trønderfår,210 g
11,palegg,spekemat-og-salami,"kr 43,50","kr 174,00 per kg",Nistesalami,"Bordpakning, 250 g"
12,palegg,spekemat-og-salami,"kr 47,70","kr 280,59 per kg",Trønderfår,170 g
13,palegg,spekemat-og-salami,"kr 34,30","kr 343,00 per kg",Trønderfår,100 g
14,palegg,spekemat-og-salami,"kr 36,10","kr 396,70 per kg",Fårepølse,91 g
15,palegg,spekemat-og-salami,"kr 42,30","kr 282,00 per kg",Favorittsalami Skivet,150 g
16,palegg,spekemat-og-salami,"kr 42,60","kr 284,00 per kg",Salami,150 g
17,palegg,spekemat-og-salami,"kr 53,30","kr 355,33 per kg",Kryddersalami,150 g
18,palegg,spekemat-og-salami,"kr 37,30","kr 248,67 per kg",Fårepølse,150 g
19,palegg,spekemat-og-salami,"kr 34,30","kr 263,85 per kg",Italiana Salami,130 g
20,palegg,spekemat-og-salami,"kr 34,70","kr 138,80 per kg",Dansk Salami Skivet,250 g
21,palegg,spekemat-og-salami,"kr 45,70","kr 457,00 per kg",Salami,"Halal, 100 g"
22,palegg,spekemat-og-salami,"kr 35,80","kr 511,43 per kg",Strandaskinke,70 g
23,palegg,spekemat-og-salami,"kr 48,70","kr 324,67 per kg",Strynskinke,150 g
24,palegg,spekemat-og-salami,"kr 162,10","kr 810,50 per kg",Parmaskinke,200 g
25,palegg,spekemat-og-salami,"kr 131,50","kr 657,50 per kg",Fenalår,200 g
26,palegg,spekemat-og-salami,"kr 131,90","kr 439,67 per kg",Fjordskinke,300 g
27,palegg,spekemat-og-salami,"kr 65,20","kr 260,80 per kg",Spekeskinke fra Tynset,250 g
28,palegg,spekemat-og-salami,"kr 302,30","kr 251,92 per kg",Spekeskinke Bit uten Ben Røkt,"Røkt, 1,2 kg"
29,palegg,spekemat-og-salami,"kr 37,00","kr 246,67 per kg",Mørpølse Oppskåret,150 g
30,palegg,spekemat-og-salami,"kr 38,40","kr 320,00 per kg",Strandamør Snacks,120 g
31,palegg,spekemat-og-salami,"kr 27,10","kr 208,46 per kg",Sognemorr,"Skivet, 130 g"
32,palegg,spekemat-og-salami,"kr 25,00","kr 250,00 per kg",Pepperoni,100 g
33,palegg,spekemat-og-salami,"kr 27,40","kr 274,00 per kg",Chorizo,100 g
34,palegg,spekemat-og-salami,"kr 21,80","kr 363,33 per kg",Chorizo Extra Spekepølse,60 g
35,palegg,spekemat-og-salami,"kr 20,00","kr 333,33 per kg",Spansk Salami Spekepølse,60 g
36,palegg,spekemat-og-salami,"kr 57,20","kr 254,22 per kg",Chorizo Sarta,225 g
37,palegg,spekemat-og-salami,"kr 39,00","kr 487,50 per kg",Serrano Gran Reserva,80 g
38,palegg,spekemat-og-salami,"kr 62,70","kr 464,44 per kg",Strandaskinke,135 g
39,palegg,spekemat-og-salami,"kr 54,00","kr 540,00 per kg",Fenalår,100 g
40,palegg,spekemat-og-salami,"kr 54,00","kr 360,00 per kg",Haugpølse Skivet,150 g
41,palegg,spekemat-og-salami,"kr 14,00","kr 93,33 per kg",Dansk Salami,150 g
42,palegg,spekemat-og-salami,"kr 69,00","kr 306,67 per kg",Salchichon Spekepølse,225 g
43,palegg,spekemat-og-salami,"kr 59,80","kr 598,00 per kg",Vellagra Coppaskinke,100 g
44,palegg,spekemat-og-salami,"kr 62,40","kr 356,57 per kg",Fuet Spekepølse,175 g
45,palegg,spekemat-og-salami,"kr 39,90","kr 159,60 per kg",Salami,"Stablepakke, 250 g"
46,palegg,spekemat-og-salami,"kr 18,70","kr 124,67 per kg",Spekeskinke Smårett,150 g
47,palegg,spekemat-og-salami,"kr 20,00","kr 250,00 per kg",Chorizo Topping,80 g
48,palegg,spekemat-og-salami,"kr 20,00","kr 250,00 per kg",Pepperoni Topping,"Taste Lab, 80 g"
49,palegg,spekemat-og-salami,"kr 69,80","kr 317,27 per kg",Hel Rødvinsnabb,220 g
50,palegg,spekemat-og-salami,"kr 68,80","kr 312,73 per kg",Chorizo Hel 220g,"0,22 kg"
51,palegg,spekemat-og-salami,"kr 43,20","kr 720,00 per kg",Fenalår Fra Tynset Skivet,60 g
52,palegg,spekemat-og-salami,"kr 25,00","kr 625,00 per kg",Pepper Snack,40 g
53,palegg,spekemat-og-salami,"kr 25,00","kr 625,00 per kg",Chili Snack,40 g
54,palegg,spekemat-og-salami,"kr 39,00","kr 650,00 per kg",Salami Med Fennikel,60 g
55,palegg,spekemat-og-salami,"kr 39,00","kr 650,00 per kg",Salami Toscana Speket,60 g
56,palegg,spekemat-og-salami,"kr 79,50","kr 353,33 per kg",Chorizo Extra,225 g
57,palegg,spekemat-og-salami,"kr 41,80","kr 298,57 per kg",Helgeroasalami,140 g
58,palegg,spekemat-og-salami,"kr 100,20","kr 263,68 per kg",Helgeroa Salami,"Hel, 380 g"
59,palegg,spekemat-og-salami,"kr 12,20","kr 174,29 per kg",Peppes Pepperoni,70 g
60,palegg,spekemat-og-salami,"kr 43,80","kr 438,00 per kg",Rødvinsalami,100 g
61,palegg,spekemat-og-salami,"kr 112,50","kr 225,00 per kg",Salami,"Oppskåret, 500 g"
62,palegg,spekemat-og-salami,"kr 62,20","kr 888,57 per kg",Salami Ventricina Picante,70 g
63,palegg,spekemat-og-salami,"kr 43,90","kr 439,00 per kg",Salami Med Parmesan,100 g
64,palegg,spekemat-og-salami,"kr 89,00","kr 445,00 per kg",Serrano Gran Reserva,200 g
65,palegg,spekemat-og-salami,"kr 29,00","kr 362,50 per kg",Spekeskinke Fra Tynset,80 g
66,palegg,spekemat-og-salami,"kr 23,80","kr 476,00 per kg",Joddlarkorv Spekepølse,50 g
0,palegg,leverpostei,"kr 30,50","kr 152,50 per kg",Ovnsbakt Leverpostei,200 g
1,palegg,leverpostei,"kr 33,60","kr 181,62 per kg",Julepostei Med Bacon,185 g
2,palegg,leverpostei,"kr 44,90","kr 112,25 per kg",Ovnsbakt Julepostei,400 g
3,palegg,leverpostei,"kr 40,90","kr 272,67 per kg",Leverpostei Grovere Fersk,150 g
4,palegg,leverpostei,"kr 41,10","kr 274,00 per kg",Leverpostei Glutenfri,"Fersk, 150 g"
5,palegg,leverpostei,"kr 28,50","kr 150,00 per kg",Dansk Grov Leverpostei,190 g
6,palegg,leverpostei,"kr 27,80","kr 210,61 per kg",Leverpostei Porsjon,"Porsjon 6x22g, 132 g"
7,palegg,leverpostei,"kr 35,80","kr 271,21 per kg",Stabburet Leverpostei Glutenfri,"6 x 22g, 132 g"
8,palegg,leverpostei,"kr 26,00","kr 144,44 per kg",Leverpostei Ovnsbakt,"Go Og Mager, 180 g"
9,palegg,leverpostei,"kr 23,40","kr 123,16 per kg",Ovnsbakt Leverpostei,"Original, 190 g"
10,palegg,leverpostei,"kr 33,80","kr 96,57 per kg",Julepostei Ekte Ovnsbakt,350 g
11,palegg,leverpostei,"kr 24,80","kr 134,05 per kg",Leverpostei Ovnsbakt,185 g
12,palegg,leverpostei,"kr 20,80","kr 112,43 per kg",Baconpostei,185 g
13,palegg,leverpostei,"kr 33,40","kr 180,54 per kg",Pepperbaconpostei,185 g
14,palegg,leverpostei,"kr 32,60","kr 186,29 per kg",Vita Hjertego´ Grønnsakspostei,175 g
15,palegg,leverpostei,"kr 30,60","kr 165,41 per kg",Ovnsbakt Postei,185 g
16,palegg,leverpostei,"kr 20,80","kr 138,67 per kg",Leverpostei,"Fin&Fersk, 150 g"
17,palegg,leverpostei,"kr 23,40","kr 234,00 per kg",Svolværpostei,100 g
18,palegg,leverpostei,"kr 13,10","kr 131,00 per kg",Kyllingpostei,100 g
19,palegg,leverpostei,"kr 15,10","kr 151,00 per kg",Leverpostei Glutenfri,100 g
20,palegg,leverpostei,"kr 9,40","kr 94,00 per kg",Leverpostei,100 g
21,palegg,leverpostei,"kr 14,20","kr 71,00 per kg",Leverpostei,200 g
22,palegg,leverpostei,"kr 28,80","kr 120,00 per kg",Gullpostei,240 g
23,palegg,leverpostei,"kr 34,40","kr 143,33 per kg",Paté Hvitløk Ovnsbakt,240 g
24,palegg,leverpostei,"kr 32,80","kr 136,67 per kg",Paté Pepper Ovnsbakt,240 g
25,palegg,leverpostei,"kr 38,40","kr 96,00 per kg",Grov Ovnsbakt Leverpostei,400 g
26,palegg,leverpostei,"kr 28,50","kr 150,00 per kg",Pepper & Baconpostei,190 g
27,palegg,leverpostei,"kr 108,40","kr 271,00 per kg",Grønn Pepperpatè 400 g,400 g
28,palegg,leverpostei,"kr 43,50","kr 290,00 per kg",Grønn Pepperpatè,150 g
29,palegg,leverpostei,"kr 47,00","kr 313,33 per kg",Hvitløkspatè,150 g
30,palegg,leverpostei,"kr 47,00","kr 313,33 per kg",Landpatè,150 g
31,palegg,leverpostei,"kr 42,90","kr 122,57 per kg",Julepostei Grov,"Ovnsbakt, 350 g"
32,palegg,leverpostei,"kr 14,50","kr 78,38 per kg",Leverpostei,185 g
33,palegg,leverpostei,"kr 39,80","kr 199,00 per kg",Ridderheims Vegetarpostei,"Med Steinsopp, 200 g"
0,palegg,salatpalegg,"kr 29,20","kr 146,00 per kg",Kreolsk Kyllingsalat,200 g
1,palegg,salatpalegg,"kr 34,70","kr 192,78 per kg",Krepsesalat med Chili,180 g
2,palegg,salatpalegg,"kr 30,60","kr 87,43 per kg",Julerødbetsalat,350 g
3,palegg,salatpalegg,"kr 16,80","kr 93,33 per kg",Italiensk Salat Med Kjøtt,180 g
4,palegg,salatpalegg,"kr 40,90","kr 227,22 per kg",Reker I Mills Majones,180 g
5,palegg,salatpalegg,"kr 17,70","kr 55,31 per kg",Italiensk Salat,320 g
6,palegg,salatpalegg,"kr 20,80","kr 59,43 per kg",Waldorfsalat,350 g
7,palegg,salatpalegg,"kr 24,80","kr 124,00 per kg",Karrikyllingsalat,200 g
8,palegg,salatpalegg,"kr 20,80","kr 104,00 per kg",Kyllingsalat,200 g
9,palegg,salatpalegg,"kr 24,80","kr 124,00 per kg",Russisk Rekesalat,200 g
10,palegg,salatpalegg,"kr 19,80","kr 99,00 per kg",Rødbetsalat,200 g
11,palegg,salatpalegg,"kr 22,90","kr 114,50 per kg",Rekesalat,200 g
12,palegg,salatpalegg,"kr 11,80","kr 59,00 per kg",Italiensk Salat,200 g
13,palegg,salatpalegg,"kr 24,80","kr 124,00 per kg",Eggesalat,200 g
14,palegg,salatpalegg,"kr 34,80","kr 108,75 per kg",Italiensk Salat med Kjøtt,320 g
15,palegg,salatpalegg,"kr 24,80","kr 134,05 per kg",Frokostsalat,185 g
16,palegg,salatpalegg,"kr 39,20","kr 196,00 per kg",Chilikreps i Aioli,200 g
17,palegg,salatpalegg,"kr 19,10","kr 95,50 per kg",Crabsticksalat,200 g
18,palegg,salatpalegg,"kr 33,90","kr 169,50 per kg",Skagensalat,200 g
19,palegg,salatpalegg,"kr 21,60","kr 54,00 per kg",Italiensk Salat,400 g
20,palegg,salatpalegg,"kr 30,60","kr 76,50 per kg",Rekesalat,400 g
21,palegg,salatpalegg,"kr 129,00","kr 516,00 per l",Spicy Seaspaghetti,"Knapptang, 250 ml"
22,palegg,salatpalegg,"kr 15,00","kr 60,00 per kg",Coleslaw,"Taste Lab, 250 g"
23,palegg,salatpalegg,"kr 36,90","kr 205,00 per kg",Reke & Krepse Salat,180 g
24,palegg,salatpalegg,"kr 37,80","kr 210,00 per kg",Hummer Og Rekesalat,180 g
25,palegg,salatpalegg,"kr 27,80","kr 168,48 per kg",Grønnsakspålegg,"Grillet Paprika og Kikerter, 165 g"
26,palegg,salatpalegg,"kr 19,90","kr 120,61 per kg",Plantego' Hummus,"med en hint av Cayenne, 165 g"
27,palegg,salatpalegg,"kr 30,80","kr 186,67 per kg",Grønnsakspålegg,"Avokado og Kikerter, 165 g"
28,palegg,salatpalegg,"kr 29,90","kr 74,75 per kg",Julewaldorfsalat,400 g
29,palegg,salatpalegg,"kr 44,70","kr 298,00 per kg",Go'vegan Smørepålegg,150 g
30,palegg,salatpalegg,"kr 43,90","kr 243,89 per kg",Skagenrøre,"Med Creme Fraiche & Lodderogn, 180 g"
31,palegg,salatpalegg,"kr 25,30","kr 140,56 per kg",Vita Hjertego´ Rødbetsalat,180 g
32,palegg,salatpalegg,"kr 40,40","kr 57,71 per kg",Potetsalat,700 g
33,palegg,salatpalegg,"kr 16,70","kr 92,78 per kg",Vita Hjertego´ Italiensk Salat,180 g
34,palegg,salatpalegg,"kr 34,80","kr 193,33 per kg",Skagensalat,180 g
35,palegg,salatpalegg,"kr 29,90","kr 74,75 per kg",Julerødbetsalat,400 g
0,palegg,fiskepalegg,"kr 32,80","kr 177,30 per kg",Stabbur-makrell,"På Tube, 185 g"
1,palegg,fiskepalegg,"kr 37,50","kr 468,75 per kg",Peppermakrell i olje,80 g
2,palegg,fiskepalegg,"kr 18,90","kr 171,82 per kg",Stabbur-Makrell Hakket Filet,110 g
3,palegg,fiskepalegg,"kr 85,70","kr 306,07 per kg",Varmrøkt Pepperlaks,ca. 280 g
4,palegg,fiskepalegg,"kr 128,90","kr 113,07 per kg",Julesild,3 stk
5,palegg,fiskepalegg,"kr 129,00","kr 368,57 per kg",Røkt Ørret Skivet,350 g
6,palegg,fiskepalegg,"kr 17,20","kr 156,36 per kg",Stabbur-Makrell I Tomat,110 g
7,palegg,fiskepalegg,"kr 14,90","kr 87,65 per kg",Makrell i tomat,170 g
8,palegg,fiskepalegg,"kr 39,90","kr 249,38 per kg",Julesild,160 g
9,palegg,fiskepalegg,"kr 36,40","kr 275,76 per kg",Stabbur-Makrell,"Porsjon 6x22g, 132 g"
10,palegg,fiskepalegg,"kr 41,80","kr 464,44 per kg",Laksepålegg med varmrøkt laks,90 g
11,palegg,fiskepalegg,"kr 10,00","kr 111,11 per kg",Makrell i Tomat,90 g
12,palegg,fiskepalegg,"kr 24,40","kr 488,00 per kg",Gaffelbiter i Sherrysaus,50 g
13,palegg,fiskepalegg,"kr 17,40","kr 158,18 per kg",Makrell i Tomat,110 g
14,palegg,fiskepalegg,"kr 23,40","kr 212,73 per kg",Skinnfri Makrell Chili,110 g
15,palegg,fiskepalegg,"kr 15,80","kr 185,88 per kg",Tunfisk Thai Chili,85 g
16,palegg,fiskepalegg,"kr 74,80","kr 498,67 per kg",Seifilet,150 g
17,palegg,fiskepalegg,"kr 41,20","kr 108,42 per kg",Tomatsild,380 g
18,palegg,fiskepalegg,"kr 47,40","kr 124,74 per kg",Peppersild,380 g
19,palegg,fiskepalegg,"kr 37,40","kr 138,52 per kg",Appetittsild,270 g
20,palegg,fiskepalegg,"kr 15,20","kr 178,82 per kg",Tunfisk med Tomat & Basilikum,85 g
21,palegg,fiskepalegg,"kr 52,50","kr 55,85 per kg",Sursild,940 g
22,palegg,fiskepalegg,"kr 21,10","kr 21,10 per kg",Sursild,1 kg
23,palegg,fiskepalegg,"kr 26,80","kr 487,27 per kg",Makalös Ansjosfileter,55 g
24,palegg,fiskepalegg,"kr 23,80","kr 432,73 per kg",Cocktailbiter i Dill,55 g
25,palegg,fiskepalegg,"kr 17,30","kr 164,76 per kg",Sardiner I Olje,105 g
26,palegg,fiskepalegg,"kr 17,30","kr 164,76 per kg",Sardiner I Tomatsaus,105 g
27,palegg,fiskepalegg,"kr 14,90","kr 67,73 per kg",Makrell I Tomat,"2x110g, 220 g"
28,palegg,fiskepalegg,"kr 50,80","kr 84,67 per kg",Gjestgiversild,600 g
29,palegg,fiskepalegg,"kr 54,50","kr 90,83 per kg",Sennepsild,600 g
30,palegg,fiskepalegg,"kr 49,80","kr 83,00 per kg",Skutesild,600 g
31,palegg,fiskepalegg,"kr 53,90","kr 89,83 per kg",Utsirasild,600 g
32,palegg,fiskepalegg,"kr 104,90","kr 437,08 per kg",Håndpillede Reker i Lake,240 g
33,palegg,fiskepalegg,"kr 29,40","kr 277,36 per kg",Sardiner i Olivenolje,106 g
34,palegg,fiskepalegg,"kr 21,80","kr 205,66 per kg",Sardiner i Olivenolje,"Classic, 106 g"
35,palegg,fiskepalegg,"kr 22,40","kr 211,32 per kg",Sardiner i Tomatsaus,"Classic, 106 g"
36,palegg,fiskepalegg,"kr 24,80","kr 225,45 per kg",Skinnfri Makrell Stevia,110 g
37,palegg,fiskepalegg,"kr 30,30","kr 137,73 per kg",Kryddersildfilet,220 g
38,palegg,fiskepalegg,"kr 26,00","kr 130,00 per kg",Peppermakrell,ca. 200 g
39,palegg,fiskepalegg,"kr 32,30","kr 304,72 per kg",Sardiner Mediterranean Style,"Fine, 106 g"
40,palegg,fiskepalegg,"kr 28,40","kr 142,00 per kg",Sildakongen Gaffelbiter,200 g
41,palegg,fiskepalegg,"kr 30,30","kr 137,73 per kg",Spekesildfilet,220 g
42,palegg,fiskepalegg,"kr 24,80","kr 225,45 per kg",Makrell Hakket i Salsa,110 g
43,palegg,fiskepalegg,"kr 36,80","kr 122,67 per kg",Rekekabaret,300 g
0,palegg,syltetoy,"kr 47,80","kr 170,71 per kg",Jordbærsyltetøy,"Rørte, frosset, 280 g"
1,palegg,syltetoy,"kr 55,80","kr 199,29 per kg",Bringebærsyltetøy,"Rørte, frosset, 280 g"
2,palegg,syltetoy,"kr 41,80","kr 104,50 per kg",Tyttebærsyltetøy Hjemmelaget,400 g
3,palegg,syltetoy,"kr 22,70","kr 56,75 per kg",Bringebærsyltetøy Hjemmelaget,400 g
4,palegg,syltetoy,"kr 69,20","kr 432,50 per kg",Bringebærsyltetøy,160 g
5,palegg,syltetoy,"kr 46,80","kr 87,48 per kg",Jordbærsyltetøy,"Lett, 535 g"
6,palegg,syltetoy,"kr 42,70","kr 80,57 per kg",Moste Jordbær Lett,530 g
7,palegg,syltetoy,"kr 42,40","kr 128,48 per kg",Blåbærsyltetøy,"Uten Tilsatt Sukker, 330 g"
8,palegg,syltetoy,"kr 32,00","kr 96,97 per kg",Jordbærsyltetøy,"Uten Tilsatt Sukker, 330 g"
9,palegg,syltetoy,"kr 33,50","kr 63,81 per kg",Blåbærsyltetøy Lett,525 g
10,palegg,syltetoy,"kr 35,80","kr 108,48 per kg",Eple & Pæresyltetøy,"Uten Tilsatt Sukker, 330 g"
11,palegg,syltetoy,"kr 34,30","kr 103,94 per kg",Bringebær,"Uten Tilsatt Sukker, 330 g"
12,palegg,syltetoy,"kr 65,80","kr 121,85 per kg",Blåbærsyltetøy,"Naturlig Lett, 540 g"
13,palegg,syltetoy,"kr 54,80","kr 101,48 per kg",Bringebærsyltetøy Lett,540 g
14,palegg,syltetoy,"kr 33,50","kr 63,81 per kg",Eplesyltetøy Lett,525 g
15,palegg,syltetoy,"kr 33,50","kr 63,81 per kg",Jordbærsyltetøy Lett,525 g
16,palegg,syltetoy,"kr 33,50","kr 63,81 per kg",Bringebærsyltetøy Lett,525 g
17,palegg,syltetoy,"kr 25,00","kr 108,70 per kg",Syltetøy Jordbær & Rabarbra,"Økologisk, 230 g"
18,palegg,syltetoy,"kr 36,30","kr 157,83 per kg",Syltetøy Solbær,"Økologisk, 230 g"
19,palegg,syltetoy,"kr 30,30","kr 131,74 per kg",Bringebærsyltetøy,"Økologisk, 230 g"
20,palegg,syltetoy,"kr 25,00","kr 108,70 per kg",Syltetøy Appelsin,"Økologisk, 230 g"
21,palegg,syltetoy,"kr 48,60","kr 127,89 per kg",Eplemos med Biter Hjemmelaget,380 g
22,palegg,syltetoy,"kr 31,40","kr 80,51 per kg",Moste Jordbær Hjemmelaget,390 g
23,palegg,syltetoy,"kr 34,80","kr 87,00 per kg",Appelsinmarmelade Hjemmelaget,400 g
24,palegg,syltetoy,"kr 44,80","kr 112,00 per kg",Aprikossyltetøy Hjemmelaget,400 g
25,palegg,syltetoy,"kr 51,40","kr 128,50 per kg",Blåbærsyltetøy Hjemmelaget,400 g
26,palegg,syltetoy,"kr 28,10","kr 70,25 per kg",Jordbærsyltetøy Hjemmelaget,400 g
27,palegg,syltetoy,"kr 34,80","kr 96,67 per kg",Aprikos Heimefrå,360 g
28,palegg,syltetoy,"kr 33,80","kr 93,89 per kg",Appelsin Heimefrå,360 g
29,palegg,syltetoy,"kr 37,80","kr 105,00 per kg",Bringebær Heimefrå,360 g
30,palegg,syltetoy,"kr 43,40","kr 120,56 per kg",Solbærsyltetøy Heimefrå,360 g
31,palegg,syltetoy,"kr 35,80","kr 99,44 per kg",Jordbær Heimefrå,360 g
32,palegg,syltetoy,"kr 34,30","kr 95,28 per kg",Kirsebærsyltetøy Heimefrå,360 g
33,palegg,syltetoy,"kr 85,90","kr 238,61 per kg",Molte Heimefrå,360 g
34,palegg,syltetoy,"kr 39,40","kr 91,63 per kg",Fru Bennett Appelsinmarmelade,430 g
35,palegg,syltetoy,"kr 30,50","kr 71,76 per kg",Jordbærsyltetøy,"Squeezy, 425 g"
36,palegg,syltetoy,"kr 38,10","kr 89,65 per kg",Bringebærsyltetøy,"Squeezy, 425 g"
37,palegg,syltetoy,"kr 45,00","kr 45,00 per stk",Bringebær & Blåbærsyltetøy,"Squeezy, 420 g"
38,palegg,syltetoy,"kr 28,40","kr 68,43 per kg",Jordbær Klem,415 g
39,palegg,syltetoy,"kr 32,80","kr 79,04 per kg",Klem Bringebær,415 g
40,palegg,syltetoy,"kr 53,80","kr 89,67 per kg",Tyttebærsyltetøy,600 g
41,palegg,syltetoy,"kr 81,90","kr 81,90 per kg",Tyttebærsyltetøy,1 kg
42,palegg,syltetoy,"kr 68,10","kr 68,10 per kg",Jordbærsyltetøy,1 kg
43,palegg,syltetoy,"kr 68,10","kr 68,10 per kg",Bringebærsyltetøy,1 kg
44,palegg,syltetoy,"kr 43,90","kr 43,90 per kg",Blåbærsyltetøy,1 kg
45,palegg,syltetoy,"kr 35,60","kr 35,60 per kg",Appelsinmarmelade,1 kg
46,palegg,syltetoy,"kr 58,90","kr 58,90 per kg",Aprikossyltetøy,1 kg
47,palegg,syltetoy,"kr 34,90","kr 174,50 per kg",Ripsgelé,200 g
48,palegg,syltetoy,"kr 53,50","kr 133,75 per kg",Ripsgelé,400 g
49,palegg,syltetoy,"kr 61,80","kr 515,00 per kg",Marmelade til Brie,120 g
50,palegg,syltetoy,"kr 51,80","kr 431,67 per kg",Marmelade til Camembert,120 g
51,palegg,syltetoy,"kr 61,80","kr 515,00 per kg",Marmelade til Chèvre,120 g
52,palegg,syltetoy,"kr 65,90","kr 549,17 per kg",Marmelade til Fast Ost,120 g
53,palegg,syltetoy,"kr 54,40","kr 453,33 per kg",Marmelade til Manchego,120 g
54,palegg,syltetoy,"kr 56,00","kr 466,67 per kg",Marmelade til Roquefort,120 g
55,palegg,syltetoy,"kr 29,10","kr 342,35 per kg",Solbærsyltetøy,"En verden av oster, 85 g"
56,palegg,syltetoy,"kr 23,50","kr 65,28 per kg",Eplemos,"Økologisk, 360 g"
57,palegg,syltetoy,"kr 24,50","kr 68,06 per kg",Eplemos med Mango,360 g
58,palegg,syltetoy,"kr 44,40","kr 177,60 per kg",Aprikosmarmelade,"Økologisk, 250 g"
59,palegg,syltetoy,"kr 51,20","kr 196,92 per kg",Appelsinmarmelade,"Økologisk, 260 g"
60,palegg,syltetoy,"kr 44,40","kr 177,60 per kg",Villblåbærmarmelade,"Økologisk, 250 g"
61,palegg,syltetoy,"kr 41,90","kr 69,83 per kg",Bringebærsyltetøy Original,600 g
62,palegg,syltetoy,"kr 49,90","kr 133,07 per kg",Moltesyltetøy,375 g
63,palegg,syltetoy,"kr 34,90","kr 174,50 per kg",Jordbærsyltetøy Gourmet,200 g
64,palegg,syltetoy,"kr 34,90","kr 174,50 per kg",Jordbærsyltetøy,200 g
65,palegg,syltetoy,"kr 34,90","kr 174,50 per kg",Kirsebærgele,200 g
66,palegg,syltetoy,"kr 34,90","kr 174,50 per kg",Bringebærsyltetøy Gourmet,200 g
67,palegg,syltetoy,"kr 34,90","kr 174,50 per kg",Bringebærsyltetøy,200 g
68,palegg,syltetoy,"kr 34,90","kr 174,50 per kg",Appelsinmarmelade Gourmet med Aquavit,200 g
69,palegg,syltetoy,"kr 34,90","kr 174,50 per kg",Stikkelsbærsyltetøy,200 g
0,palegg,honning-og-sotpalegg,"kr 69,80","kr 199,43 per kg",Flytende Akasiehonning,350 g
1,palegg,honning-og-sotpalegg,"kr 72,40","kr 206,86 per kg",Fjellhonning,"Flytende, 350 g"
2,palegg,honning-og-sotpalegg,"kr 77,90","kr 111,29 per kg",Blomsterhonning Mørk,700 g
3,palegg,honning-og-sotpalegg,"kr 88,00","kr 352,00 per kg",Lynghonning,250 g
4,palegg,honning-og-sotpalegg,"kr 98,80","kr 282,29 per kg",Bringebærhonning Myk,350 g
5,palegg,honning-og-sotpalegg,"kr 98,90","kr 282,57 per kg",Lynghonning Kraftig,350 g
6,palegg,honning-og-sotpalegg,"kr 93,90","kr 268,29 per kg",Skogshonning Ren,350 g
7,palegg,honning-og-sotpalegg,"kr 79,80","kr 228,00 per kg",Ekte Honning,350 g
8,palegg,honning-og-sotpalegg,"kr 99,80","kr 422,88 per l",Lønnesirup Lys,"Økologisk, 236 ml"
9,palegg,honning-og-sotpalegg,"kr 69,80","kr 369,31 per l",Lønnesirup,"Økologisk, 189 ml"
10,palegg,honning-og-sotpalegg,"kr 74,40","kr 223,42 per kg",Agavesirup Chantico Wild,"Økologisk, 333 g"
11,palegg,honning-og-sotpalegg,"kr 60,00","kr 240,00 per kg",Agavesirup Økologisk,250 g
12,palegg,honning-og-sotpalegg,"kr 61,30","kr 245,20 per l",Granateplesirup,250 ml
13,palegg,honning-og-sotpalegg,"kr 48,00","kr 106,67 per l",Daddelsirup,450 ml
14,palegg,honning-og-sotpalegg,"kr 64,80","kr 190,59 per kg",Peanøttsmør Crunchy,"Økologisk, 340 g"
15,palegg,honning-og-sotpalegg,"kr 39,40","kr 112,57 per kg",Peanutbutter,"Grov, 350 g"
16,palegg,honning-og-sotpalegg,"kr 48,70","kr 143,24 per kg",Skippy Peanutbutter Crunchy,340 g
17,palegg,honning-og-sotpalegg,"kr 30,20","kr 86,29 per kg",Peanøttsmør,350 g
18,palegg,honning-og-sotpalegg,"kr 60,00","kr 176,47 per kg",Peanøttsmør Creamy,340 g
19,palegg,honning-og-sotpalegg,"kr 55,40","kr 158,29 per kg",Plantego' Økologisk Peanøttsmør,350 g
20,palegg,honning-og-sotpalegg,"kr 92,60","kr 370,40 per kg",Cashewsmør Naturell,"Økologisk, 250 g"
21,palegg,honning-og-sotpalegg,"kr 154,10","kr 616,40 per kg",Mandelsmør Mørkt,"Økologisk, 250 g"
22,palegg,honning-og-sotpalegg,"kr 49,40","kr 141,14 per kg",Nutella,350 g
23,palegg,honning-og-sotpalegg,"kr 34,80","kr 69,60 per kg",Sjokade,500 g
24,palegg,honning-og-sotpalegg,"kr 39,00","kr 114,71 per kg",Nugatti Air,340 g
25,palegg,honning-og-sotpalegg,"kr 46,00","kr 102,22 per kg",Nugatti Max,450 g
26,palegg,honning-og-sotpalegg,"kr 27,90","kr 55,80 per kg",Nugatti,500 g
27,palegg,honning-og-sotpalegg,"kr 63,60","kr 235,56 per kg",Hazelnut Chocolate Sjokoladepålegg,"Vegan, 270 g"
28,palegg,honning-og-sotpalegg,"kr 51,80","kr 259,00 per kg",Sjokoladepålegg med Hasselnøtt,"Vegansk, 200 g"
29,palegg,honning-og-sotpalegg,"kr 26,50","kr 66,25 per kg",Sjokoduo,400 g
30,palegg,honning-og-sotpalegg,"kr 19,90","kr 49,75 per kg",Nøttesjoko,400 g
31,palegg,honning-og-sotpalegg,"kr 32,80","kr 105,81 per kg",Hapå,310 g
32,palegg,honning-og-sotpalegg,"kr 21,80","kr 90,83 per kg",Banos,240 g
33,palegg,honning-og-sotpalegg,"kr 26,40","kr 94,29 per kg",Sunda,280 g
34,palegg,honning-og-sotpalegg,"kr 50,20","kr 154,46 per kg",Nugatti Salt Karamell,325 g
0,palegg,majones-og-tubepalegg,"kr 32,80","kr 177,30 per kg",Stabbur-makrell,"På Tube, 185 g"
1,palegg,majones-og-tubepalegg,"kr 33,40","kr 190,86 per kg",Rekeost,"Tube, 175 g"
2,palegg,majones-og-tubepalegg,"kr 26,80","kr 153,14 per kg",Jalapeño Ost,"Tube, 175 g"
3,palegg,majones-og-tubepalegg,"kr 26,80","kr 153,14 per kg",Mager Skinkeost,"Tube, 175 g"
4,palegg,majones-og-tubepalegg,"kr 31,40","kr 179,43 per kg",Skinkeost,"Tube, 175 g"
5,palegg,majones-og-tubepalegg,"kr 26,80","kr 153,14 per kg",Magerost Kylling,"Tube, 175 g"
6,palegg,majones-og-tubepalegg,"kr 32,30","kr 184,57 per kg",Baconost,"Tube, 175 g"
7,palegg,majones-og-tubepalegg,"kr 26,90","kr 168,13 per kg",Majones,"Ekte, 160 g"
8,palegg,majones-og-tubepalegg,"kr 32,60","kr 186,29 per kg",Lettmajones,175 g
9,palegg,majones-og-tubepalegg,"kr 28,40","kr 167,06 per kg",Majones,"Lett, 170 g"
10,palegg,majones-og-tubepalegg,"kr 32,00","kr 148,84 per kg",Majones,215 g
11,palegg,majones-og-tubepalegg,"kr 30,90","kr 193,13 per kg",Remulade,"Tube, 160 g"
12,palegg,majones-og-tubepalegg,"kr 32,50","kr 98,48 per kg",Ekte Majones,330 g
13,palegg,majones-og-tubepalegg,"kr 37,30","kr 113,03 per kg",Lettmajones,330 g
14,palegg,majones-og-tubepalegg,"kr 26,80","kr 162,42 per kg",Ekte Remulade,165 g
15,palegg,majones-og-tubepalegg,"kr 31,30","kr 78,25 per kg",Ekte Majones,400 g
16,palegg,majones-og-tubepalegg,"kr 43,50","kr 162,31 per kg",Vegan Mayo,268 g
17,palegg,majones-og-tubepalegg,"kr 41,40","kr 165,60 per l",Hvitløksmajones,250 ml
18,palegg,majones-og-tubepalegg,"kr 41,40","kr 165,60 per l",Chili Majones,250 ml
19,palegg,majones-og-tubepalegg,"kr 29,70","kr 121,22 per kg",Kaviar,245 g
20,palegg,majones-og-tubepalegg,"kr 20,40","kr 110,27 per kg",Kaviar Tube,185 g
21,palegg,majones-og-tubepalegg,"kr 28,30","kr 161,71 per kg",Kaviarmix,"Tube, 175 g"
22,palegg,majones-og-tubepalegg,"kr 17,80","kr 93,68 per kg",Kaviar 60%,190 g
23,palegg,majones-og-tubepalegg,"kr 12,20","kr 65,95 per kg",Kaviar,185 g
24,palegg,majones-og-tubepalegg,"kr 25,40","kr 141,11 per kg",Polarkaviar,180 g
25,palegg,majones-og-tubepalegg,"kr 60,50","kr 302,50 per kg",Tartex Postei Naturell,"Økologisk, Vegetar, 200 g"
26,palegg,majones-og-tubepalegg,"kr 17,00","kr 45,33 per kg",Majones,375 g
27,palegg,majones-og-tubepalegg,"kr 16,60","kr 44,27 per kg","Majones, Lett",375 g
28,palegg,majones-og-tubepalegg,"kr 36,30","kr 157,83 per l",Aioli Kremet,230 ml
29,palegg,majones-og-tubepalegg,"kr 39,30","kr 170,87 per l",Eriks Aioli Med Lime,230 ml
30,palegg,majones-og-tubepalegg,"kr 15,00","kr 60,00 per kg",Aioli,250 g
31,palegg,majones-og-tubepalegg,"kr 44,20","kr 252,57 per kg",Cheez Dippers Original,175 g
32,palegg,majones-og-tubepalegg,"kr 14,40","kr 240,00 per kg",Kavli Baconost,"i Matboksen, 60 g"
33,palegg,majones-og-tubepalegg,"kr 14,40","kr 240,00 per kg",Kavli Skinkeost,"Minitube, 60 g"
34,palegg,majones-og-tubepalegg,"kr 26,80","kr 153,14 per kg",Magerost Jalapeno,175 g
35,palegg,majones-og-tubepalegg,"kr 40,80","kr 233,14 per kg",Smaksrik Chili Paprika,"Tube, 175 g"
36,palegg,majones-og-tubepalegg,"kr 19,90","kr 199,00 per kg",Døgnvill Chipotle Mayo,100 g
37,palegg,majones-og-tubepalegg,"kr 29,80","kr 180,61 per kg",Norvegia Smøreost Med Bacon,165 g
38,palegg,majones-og-tubepalegg,"kr 27,80","kr 168,48 per kg",Klemmeost Med Juicy Salami,165 g
39,palegg,majones-og-tubepalegg,"kr 19,90","kr 199,00 per kg",Døgnvill Majones,100 g
40,palegg,majones-og-tubepalegg,"kr 29,80","kr 180,61 per kg",Norvegia Smøreost Med Skinke,165 g
41,palegg,majones-og-tubepalegg,"kr 19,90","kr 199,00 per kg",Døgnvill Aioli,100 g
0,middager-og-tilbehor,ferdige-middagsretter,"kr 69,90","kr 87,38 per kg",Bønnetaco,"Fiks ferdig, 2 Porsjoner, 800 g"
1,middager-og-tilbehor,ferdige-middagsretter,"kr 99,00","kr 123,75 per kg",Fransk Oksegryte,"Fiks ferdig, 2 Porsjoner, 800 g"
2,middager-og-tilbehor,ferdige-middagsretter,"kr 79,90","kr 99,88 per kg",Barnas Kjøttboller i Tomatsaus,"Fiks ferdig, 2 Porsjoner, 800 g"
3,middager-og-tilbehor,ferdige-middagsretter,"kr 89,90","kr 112,38 per kg",Chili Con Carne,"Fiks ferdig, 2 Porsjoner, 800 g"
4,middager-og-tilbehor,ferdige-middagsretter,"kr 79,90","kr 99,88 per kg",Lasagne,"Fiks ferdig, 2 Porsjoner, 800 g"
5,middager-og-tilbehor,ferdige-middagsretter,"kr 99,00","kr 123,75 per kg",Kylling Rød Curry,"Fiks ferdig, 2 Porsjoner, 800 g"
6,middager-og-tilbehor,ferdige-middagsretter,"kr 79,90","kr 99,88 per kg",Lys lapskaus,"Fiks ferdig, 2 Porsjoner, 800 g"
7,middager-og-tilbehor,ferdige-middagsretter,"kr 89,90","kr 112,38 per kg",Tikka Masala,"Fiks ferdig, 2 Porsjoner, 800 g"
8,middager-og-tilbehor,ferdige-middagsretter,"kr 79,90","kr 99,88 per kg",Mac and cheese,"Fiks ferdig, 2 Porsjoner, 800 g"
9,middager-og-tilbehor,ferdige-middagsretter,"kr 49,90","kr 110,89 per kg",Butter Chicken,450 g
10,middager-og-tilbehor,ferdige-middagsretter,"kr 49,90","kr 110,89 per kg",Chicken Korma,450 g
11,middager-og-tilbehor,ferdige-middagsretter,"kr 49,90","kr 110,89 per kg",Red Chicken Curry,450 g
12,middager-og-tilbehor,ferdige-middagsretter,"kr 49,90","kr 124,75 per kg",Lasagne Bolognese,400 g
13,middager-og-tilbehor,ferdige-middagsretter,"kr 42,90","kr 107,25 per kg",Pasta Carbonara,400 g
14,middager-og-tilbehor,ferdige-middagsretter,"kr 39,90","kr 99,75 per kg",Veggie Lasagne,400 g
15,middager-og-tilbehor,ferdige-middagsretter,"kr 42,90","kr 95,33 per kg",Veggie Curry,450 g
16,middager-og-tilbehor,ferdige-middagsretter,"kr 59,80","kr 112,83 per kg","Suppe med Gulrøtter, Chili & Ingefær",530 g
17,middager-og-tilbehor,ferdige-middagsretter,"kr 98,90","kr 156,98 per kg",Juletallerken,630 g
18,middager-og-tilbehor,ferdige-middagsretter,"kr 57,80","kr 109,06 per kg","Suppe med Tomat, Squash & Basilikum",530 g
19,middager-og-tilbehor,ferdige-middagsretter,"kr 76,40","kr 152,80 per kg",Fiskesuppe,500 g
20,middager-og-tilbehor,ferdige-middagsretter,"kr 69,80","kr 139,60 per kg","Suppe med Kylling, Curry & Grønnsaker",500 g
21,middager-og-tilbehor,ferdige-middagsretter,"kr 57,90","kr 115,80 per kg","Suppe med Linser, Søtpotet, Gresskar og Spinat",500 g
22,middager-og-tilbehor,ferdige-middagsretter,"kr 53,40","kr 100,75 per kg",Blomkålsuppe Med Nepe & Persillerot,530 g
23,middager-og-tilbehor,ferdige-middagsretter,"kr 94,50","kr 94,50 per kg",Havna Fiskesuppe,"Base, 1 kg"
24,middager-og-tilbehor,ferdige-middagsretter,"kr 31,20","kr 111,43 per kg",Thai Curry Soup,280 g
25,middager-og-tilbehor,ferdige-middagsretter,"kr 47,80","kr 129,19 per kg",Gartnergryte,"Vegetar, 370 g"
26,middager-og-tilbehor,ferdige-middagsretter,"kr 47,00","kr 127,03 per kg",Bolognese,"Vegetar, 370 g"
27,middager-og-tilbehor,ferdige-middagsretter,"kr 47,00","kr 127,03 per kg",Chili sin carne,370 g
28,middager-og-tilbehor,ferdige-middagsretter,"kr 19,20","kr 51,89 per kg",Byggrynsgrøt,370 g
29,middager-og-tilbehor,ferdige-middagsretter,"kr 21,90","kr 59,19 per kg",Havregrøt,"1 porsjon, 370 g"
30,middager-og-tilbehor,ferdige-middagsretter,"kr 21,20","kr 46,09 per kg",Risgrøt,460 g
31,middager-og-tilbehor,ferdige-middagsretter,"kr 34,70","kr 35,77 per kg",Risgrøt,970 g
32,middager-og-tilbehor,ferdige-middagsretter,"kr 30,90","kr 77,25 per kg",Laktosefri Risgrøt,400 g
33,middager-og-tilbehor,ferdige-middagsretter,"kr 24,90","kr 71,14 per kg",Rømmegrøt,350 g
34,middager-og-tilbehor,ferdige-middagsretter,"kr 51,60","kr 64,50 per kg",Rømmegrøt,800 g
35,middager-og-tilbehor,ferdige-middagsretter,"kr 35,80","kr 92,99 per kg",Risgrøt Velbekomme,385 g
36,middager-og-tilbehor,ferdige-middagsretter,"kr 38,80","kr 100,78 per kg",Laktosefri Risgrøt,385 g
37,middager-og-tilbehor,ferdige-middagsretter,"kr 27,50","kr 30,56 per kg",Risengrynsgraut,900 g
38,middager-og-tilbehor,ferdige-middagsretter,"kr 44,40","kr 126,86 per kg",Kjøttsuppe,350 g
39,middager-og-tilbehor,ferdige-middagsretter,"kr 69,20","kr 140,94 per kg",Fjordland Kjøttkaker med kålstuing,491 g
40,middager-og-tilbehor,ferdige-middagsretter,"kr 65,70","kr 146,00 per kg",Lys Lapskaus,450 g
41,middager-og-tilbehor,ferdige-middagsretter,"kr 43,90","kr 125,43 per kg",Fiskesuppe med Creme Fraiche & Urter,350 g
42,middager-og-tilbehor,ferdige-middagsretter,"kr 97,50","kr 195,00 per kg","Kokt Laks med Urtesaus, Gulrot & Poteter",500 g
43,middager-og-tilbehor,ferdige-middagsretter,"kr 54,40","kr 98,91 per kg",Torsk i Purreløksaus,"Gulrøtter og Poteter, 550 g"
44,middager-og-tilbehor,ferdige-middagsretter,"kr 62,40","kr 124,80 per kg",Fiskeboller i Hvit Saus,500 g
45,middager-og-tilbehor,ferdige-middagsretter,"kr 40,10","kr 114,57 per kg",Laks og Pasta,350 g
46,middager-og-tilbehor,ferdige-middagsretter,"kr 63,40","kr 134,89 per kg",Pasta Penne,470 g
47,middager-og-tilbehor,ferdige-middagsretter,"kr 40,10","kr 114,57 per kg",Pasta med Ost & Skinkesaus,350 g
48,middager-og-tilbehor,ferdige-middagsretter,"kr 55,40","kr 167,88 per kg",Kylling og Ris,330 g
49,middager-og-tilbehor,ferdige-middagsretter,"kr 49,80","kr 150,91 per kg",Indisk grønnsaksgryte,"Vegetar, 330 g"
50,middager-og-tilbehor,ferdige-middagsretter,"kr 76,60","kr 159,58 per kg",Sunt & Godt Kjøttboller i Tomatsaus,"med Fullkornpasta, 480 g"
51,middager-og-tilbehor,ferdige-middagsretter,"kr 94,90","kr 193,67 per kg",Sunt & Godt kyllingbryst,490 g
52,middager-og-tilbehor,ferdige-middagsretter,"kr 77,90","kr 169,35 per kg",Red Curry,460 g
53,middager-og-tilbehor,ferdige-middagsretter,"kr 43,50","kr 94,57 per kg",Kyllinggryte Sweet & Sour,"Med Jasminris, 460 g"
54,middager-og-tilbehor,ferdige-middagsretter,"kr 69,60","kr 122,97 per kg",Svenske Kjøttboller,566 g
55,middager-og-tilbehor,ferdige-middagsretter,"kr 50,60","kr 83,64 per kg",Kjøttkaker med Ertestuing,605 g
56,middager-og-tilbehor,ferdige-middagsretter,"kr 52,40","kr 147,61 per kg",Kjøttkaker med Gulrøtter og Poteter,"Liten Porsjon, 355 g"
57,middager-og-tilbehor,ferdige-middagsretter,"kr 59,80","kr 130,00 per kg",Biff Stroganoff Med Ris,460 g
58,middager-og-tilbehor,ferdige-middagsretter,"kr 83,90","kr 144,66 per kg",Oksekjøtt i Saus,580 g
59,middager-og-tilbehor,ferdige-middagsretter,"kr 67,80","kr 116,90 per kg",Svinestek,580 g
60,middager-og-tilbehor,ferdige-middagsretter,"kr 100,20","kr 204,49 per kg",Biffsnadder med Krydderpoteter & Bearnaisesaus,490 g
61,middager-og-tilbehor,ferdige-middagsretter,"kr 64,20","kr 107,00 per kg",Komler / Raspeballer / Komper,600 g
62,middager-og-tilbehor,ferdige-middagsretter,"kr 64,80","kr 144,00 per kg",Fransk Biffgryte,450 g
63,middager-og-tilbehor,ferdige-middagsretter,"kr 85,90","kr 199,77 per kg",Fransk Kyllinggryte,430 g
64,middager-og-tilbehor,ferdige-middagsretter,"kr 66,80","kr 148,44 per kg",Tikka Masala Kylling,450 g
65,middager-og-tilbehor,ferdige-middagsretter,"kr 35,80","kr 132,59 per kg",Pasta Cheese & Bacon,270 g
66,middager-og-tilbehor,ferdige-middagsretter,"kr 47,10","kr 134,57 per kg",Thai Kylling Peanut,350 g
67,middager-og-tilbehor,ferdige-middagsretter,"kr 48,00","kr 137,14 per kg",Thai Chicken Red Curry,350 g
0,middager-og-tilbehor,supper,"kr 15,70","kr 172,53 per kg",Tomatsuppe,91 g
1,middager-og-tilbehor,supper,"kr 17,80","kr 149,58 per kg",Tomatsuppe med Makaroni,119 g
2,middager-og-tilbehor,supper,"kr 17,00","kr 261,54 per kg",Kremet blomkålsuppe,65 g
3,middager-og-tilbehor,supper,"kr 32,80","kr 512,50 per kg",Blomkål & Brokkolisuppe,64 g
4,middager-og-tilbehor,supper,"kr 21,10","kr 448,94 per kg",Grønnsaksuppe,47 g
5,middager-og-tilbehor,supper,"kr 28,40","kr 359,49 per kg",Spinatsuppe Kremet,79 g
6,middager-og-tilbehor,supper,"kr 28,60","kr 353,09 per kg",Kjøttsuppe med Grønnsaker,81 g
7,middager-og-tilbehor,supper,"kr 20,10","kr 179,46 per kg",Betasuppe,112 g
8,middager-og-tilbehor,supper,"kr 18,90","kr 189,00 per kg",Meksikansk tomatsuppe,100 g
9,middager-og-tilbehor,supper,"kr 32,80","kr 390,48 per kg",Thaisuppe Red Curry,84 g
10,middager-og-tilbehor,supper,"kr 18,90","kr 129,45 per kg",Gul ertesuppe,146 g
11,middager-og-tilbehor,supper,"kr 15,90","kr 196,30 per kg",Bergensk Fiskesuppe,81 g
12,middager-og-tilbehor,supper,"kr 21,80","kr 311,43 per kg",Lofoten fiskesuppe,70 g
13,middager-og-tilbehor,supper,"kr 18,20","kr 249,32 per kg",Tomatsuppe Glutenfri,73 g
14,middager-og-tilbehor,supper,"kr 26,80","kr 515,38 per kg",Glutenfri Blomkålsuppe,52 g
15,middager-og-tilbehor,supper,"kr 53,40","kr 100,75 per kg",Blomkålsuppe Med Nepe & Persillerot,530 g
16,middager-og-tilbehor,supper,"kr 43,90","kr 125,43 per kg",Fiskesuppe med Creme Fraiche & Urter,350 g
17,middager-og-tilbehor,supper,"kr 44,40","kr 126,86 per kg",Kjøttsuppe,350 g
18,middager-og-tilbehor,supper,"kr 57,80","kr 109,06 per kg","Suppe med Tomat, Squash & Basilikum",530 g
19,middager-og-tilbehor,supper,"kr 59,80","kr 112,83 per kg","Suppe med Gulrøtter, Chili & Ingefær",530 g
20,middager-og-tilbehor,supper,"kr 57,90","kr 115,80 per kg","Suppe med Linser, Søtpotet, Gresskar og Spinat",500 g
21,middager-og-tilbehor,supper,"kr 76,40","kr 152,80 per kg",Fiskesuppe,500 g
22,middager-og-tilbehor,supper,"kr 69,80","kr 139,60 per kg","Suppe med Kylling, Curry & Grønnsaker",500 g
23,middager-og-tilbehor,supper,"kr 94,50","kr 94,50 per kg",Havna Fiskesuppe,"Base, 1 kg"
24,middager-og-tilbehor,supper,"kr 24,90","kr 478,85 per kg",Blomkål- og Brokkolisuppe,52 g
25,middager-og-tilbehor,supper,"kr 59,90","kr 105,09 per l",Tomatsuppe økologisk,570 ml
26,middager-og-tilbehor,supper,"kr 49,80","kr 87,37 per l",Minestronesuppe,570 ml
27,middager-og-tilbehor,supper,"kr 59,30","kr 104,04 per l",Indian Currysuppe,570 ml
28,middager-og-tilbehor,supper,"kr 14,10","kr 705,00 per kg",Klar Grønnsaksuppe,"Rett i Koppen, 20 g"
29,middager-og-tilbehor,supper,"kr 23,80","kr 7,93 per stk",Tomatsuppe,"Cup a Soup, 3 stk"
30,middager-og-tilbehor,supper,"kr 32,20","kr 10,73 per stk",Blomkål & Brokkolisuppe,"Cup a Soup, 3 stk"
31,middager-og-tilbehor,supper,"kr 23,80","kr 7,93 per stk",Minestronesuppe,"Cup a Soup, 3 stk"
32,middager-og-tilbehor,supper,"kr 13,60","kr 523,08 per kg",Tomatsuppe med Mozzarella,"Rett i Koppen, 26 g"
33,middager-og-tilbehor,supper,"kr 14,40","kr 654,55 per kg",Kyllingsuppe Kremet,"Rett i Koppen, 22 g"
34,middager-og-tilbehor,supper,"kr 12,80","kr 640,00 per kg",Blomkål- & Brokkolisuppe,"Rett i Koppen, 20 g"
35,middager-og-tilbehor,supper,"kr 27,40","kr 548,00 per kg",Potet Med Kjøtt,"Rett i Koppen, 50 g"
36,middager-og-tilbehor,supper,"kr 38,60","kr 45,95 per kg",Sodd,840 g
37,middager-og-tilbehor,supper,"kr 31,20","kr 111,43 per kg",Thai Curry Soup,280 g
38,middager-og-tilbehor,supper,"kr 21,00","kr 85,37 per kg",Tomatsuppe Med Makaroni,"2pk, 246 g"
39,middager-og-tilbehor,supper,"kr 53,50","kr 53,50 per l",Spicy Søtpotetsuppe,1 l
40,middager-og-tilbehor,supper,"kr 41,00","kr 41,00 per l",Grønnsaksuppe,1 l
41,middager-og-tilbehor,supper,"kr 49,90","kr 49,90 per kg",Thaisuppe,1 kg
42,middager-og-tilbehor,supper,"kr 49,00","kr 40,83 per kg",Fiskesuppe,"1,2 kg"
43,middager-og-tilbehor,supper,"kr 28,80","kr 188,24 per kg",Fruktsuppe,1 l
0,middager-og-tilbehor,posesauser,"kr 31,40","kr 7,85 per stk",Bearnaisesaus,"Familiepakning, 4 stk"
1,middager-og-tilbehor,posesauser,"kr 12,40","kr 590,48 per kg",Lett Bearnaisesaus,21 g
2,middager-og-tilbehor,posesauser,"kr 11,60","kr 400,00 per kg",Bearnaisesaus,29 g
3,middager-og-tilbehor,posesauser,"kr 39,80","kr 9,95 per stk",Bretagne Kyllingsaus Familiepakke,4 stk
4,middager-og-tilbehor,posesauser,"kr 10,40","kr 385,19 per kg",Bretagne kyllingsaus,27 g
5,middager-og-tilbehor,posesauser,"kr 15,60","kr 520,00 per kg",Kremet kyllingsaus,30 g
6,middager-og-tilbehor,posesauser,"kr 17,10","kr 743,48 per kg",Kantarell & Sjampinjongsaus,23 g
7,middager-og-tilbehor,posesauser,"kr 13,50","kr 270,00 per kg",Fløtesaus,50 g
8,middager-og-tilbehor,posesauser,"kr 26,80","kr 148,89 per kg",Kjøttkakesaus,"Økonomipakke, 4 poser, 180 g"
9,middager-og-tilbehor,posesauser,"kr 12,70","kr 282,22 per kg",Kjøttkakesaus,45 g
10,middager-og-tilbehor,posesauser,"kr 10,30","kr 686,67 per kg",Sjysaus,15 g
11,middager-og-tilbehor,posesauser,"kr 37,00","kr 440,48 per kg",Peppersaus,"Økonomipakke, 4 poser, 84 g"
12,middager-og-tilbehor,posesauser,"kr 10,50","kr 350,00 per kg",Peppersaus,30 g
13,middager-og-tilbehor,posesauser,"kr 10,20","kr 231,82 per kg",Brun saus uten løk,44 g
14,middager-og-tilbehor,posesauser,"kr 10,00","kr 212,77 per kg",Brun Saus med Løk,47 g
15,middager-og-tilbehor,posesauser,"kr 18,00","kr 580,65 per kg",Rødvinsaus Original,31 g
16,middager-og-tilbehor,posesauser,"kr 14,80","kr 344,19 per kg",Viltsaus,43 g
17,middager-og-tilbehor,posesauser,"kr 18,20","kr 491,89 per kg",Saus til Stek,37 g
18,middager-og-tilbehor,posesauser,"kr 17,10","kr 407,14 per kg",Lammesaus Med Urter & Rødvin,42 g
19,middager-og-tilbehor,posesauser,"kr 37,00","kr 171,30 per kg",Spaghettisaus,"Økonomipakke, 4 poser, 216 g"
20,middager-og-tilbehor,posesauser,"kr 14,80","kr 569,23 per kg",Hollandaisesaus,26 g
21,middager-og-tilbehor,posesauser,"kr 21,60","kr 744,83 per kg",Sandefjordsmør Original,29 g
22,middager-og-tilbehor,posesauser,"kr 17,10","kr 427,50 per kg",Lofoten fiskesaus,40 g
23,middager-og-tilbehor,posesauser,"kr 11,60","kr 305,26 per kg",Hvit saus,38 g
24,middager-og-tilbehor,posesauser,"kr 20,50","kr 706,90 per kg",Carbonara Pastasaus,29 g
25,middager-og-tilbehor,posesauser,"kr 15,60","kr 346,67 per kg",Kjøttdeigsaus,45 g
26,middager-og-tilbehor,posesauser,"kr 11,30","kr 215,24 per kg",Spaghettisaus Original,"52,5 g"
27,middager-og-tilbehor,posesauser,"kr 17,10","kr 534,38 per kg",Brun Saus,"Glutenfri, 32 g"
28,middager-og-tilbehor,posesauser,"kr 17,40","kr 915,79 per kg",Glutenfri Hvit Saus,19 g
29,middager-og-tilbehor,posesauser,"kr 31,40","kr 10,47 per stk",Pastasaus Carbonara 27 gr,3 stk
30,middager-og-tilbehor,posesauser,"kr 12,00","kr 4,00 per stk",Peppersaus 28 gram,3 stk
31,middager-og-tilbehor,posesauser,"kr 24,40","kr 8,13 per stk",Bearnaisesaus 19 gram,3 stk
32,middager-og-tilbehor,posesauser,"kr 19,60","kr 560,00 per kg",Urtesaus,35 g
33,middager-og-tilbehor,posesauser,"kr 20,40","kr 755,56 per kg",Hollandaisesaus,27 g
34,middager-og-tilbehor,posesauser,"kr 12,30","kr 3,08 per stk",Bearnaisesaus,4 stk
35,middager-og-tilbehor,posesauser,"kr 12,60","kr 3,15 per stk",Kjøttkakesaus,"4pk, 4 stk"
0,middager-og-tilbehor,ferdigsauser,"kr 34,80","kr 183,16 per kg",Pesto Alla Genovese,190 g
1,middager-og-tilbehor,ferdigsauser,"kr 30,00","kr 75,00 per kg",Basilico,400 g
2,middager-og-tilbehor,ferdigsauser,"kr 25,00","kr 62,50 per kg","Classico, Italiensk Tomatsaus med Urter",400 g
3,middager-og-tilbehor,ferdigsauser,"kr 32,60","kr 108,67 per kg",Pastasaus Tomat,300 g
4,middager-og-tilbehor,ferdigsauser,"kr 32,60","kr 108,67 per kg",Pastasaus med Basilikum,300 g
5,middager-og-tilbehor,ferdigsauser,"kr 55,60","kr 158,86 per kg",Tomatsaus,"Soltørket tomat og basilikum, 350 g"
6,middager-og-tilbehor,ferdigsauser,"kr 57,50","kr 147,44 per kg",Tomatsaus,"Oregano, timian og rosmarin, 390 g"
7,middager-og-tilbehor,ferdigsauser,"kr 55,60","kr 158,86 per kg",Tomatsaus,"Oliven, soltørket tomat og oregano, 350 g"
8,middager-og-tilbehor,ferdigsauser,"kr 57,50","kr 147,44 per kg",Tomatsaus,"Aubergine, paprika og fennikel, 390 g"
9,middager-og-tilbehor,ferdigsauser,"kr 55,60","kr 158,86 per kg",Tomatsaus,"Chili, hvitløk og persille, 350 g"
10,middager-og-tilbehor,ferdigsauser,"kr 36,30","kr 157,83 per l",Aioli Kremet,230 ml
11,middager-og-tilbehor,ferdigsauser,"kr 37,30","kr 162,17 per l",Bearnaise Hot,230 ml
12,middager-og-tilbehor,ferdigsauser,"kr 39,30","kr 170,87 per l",Eriks Bearnaise,230 ml
13,middager-og-tilbehor,ferdigsauser,"kr 39,30","kr 170,87 per l",Eriks Peppersaus,230 ml
14,middager-og-tilbehor,ferdigsauser,"kr 39,30","kr 170,87 per l",Eriks Aioli Med Lime,230 ml
15,middager-og-tilbehor,ferdigsauser,"kr 31,10","kr 77,75 per kg",Arrabbiata Pastasaus,400 g
16,middager-og-tilbehor,ferdigsauser,"kr 31,10","kr 77,75 per kg",Hvitløk Tomatsaus,400 g
17,middager-og-tilbehor,ferdigsauser,"kr 42,60","kr 106,50 per kg",Pastasaus Bolognese,400 g
18,middager-og-tilbehor,ferdigsauser,"kr 52,20","kr 174,00 per kg",Ketsjup,300 g
19,middager-og-tilbehor,ferdigsauser,"kr 36,30","kr 95,53 per kg",Pastasaus Arrabbiata,"Økologisk, 380 g"
20,middager-og-tilbehor,ferdigsauser,"kr 36,40","kr 95,79 per kg",Pastasaus Mild,"Økologisk, 380 g"
21,middager-og-tilbehor,ferdigsauser,"kr 42,50","kr 121,43 per kg",Pastasaus Bolognese,"Økologisk, 350 g"
22,middager-og-tilbehor,ferdigsauser,"kr 20,80","kr 41,60 per kg",Dolmio Pastasaus,"Intens Hvitløk, 500 g"
23,middager-og-tilbehor,ferdigsauser,"kr 19,00","kr 38,00 per kg",Classico Pastasaus,500 g
24,middager-og-tilbehor,ferdigsauser,"kr 34,40","kr 68,80 per kg",Pastasaus Al Forne,500 g
25,middager-og-tilbehor,ferdigsauser,"kr 31,80","kr 106,00 per kg",Bearnaise Kjølt,300 g
26,middager-og-tilbehor,ferdigsauser,"kr 32,90","kr 109,67 per kg",Peppersaus Kjølt,300 g
27,middager-og-tilbehor,ferdigsauser,"kr 30,50","kr 122,00 per l",Peppersaus,250 ml
28,middager-og-tilbehor,ferdigsauser,"kr 34,20","kr 136,80 per l",Kyllingkraft,250 ml
29,middager-og-tilbehor,ferdigsauser,"kr 40,80","kr 313,85 per kg",Grønn Pesto,130 g
30,middager-og-tilbehor,ferdigsauser,"kr 19,50","kr 102,63 per kg",Grønn Pesto,190 g
31,middager-og-tilbehor,ferdigsauser,"kr 40,30","kr 310,00 per kg",Gul Pesto,130 g
32,middager-og-tilbehor,ferdigsauser,"kr 18,70","kr 98,42 per kg",Rød Pesto,190 g
33,middager-og-tilbehor,ferdigsauser,"kr 36,80","kr 193,68 per kg",Pesto Rosso,190 g
34,middager-og-tilbehor,ferdigsauser,"kr 32,60","kr 326,00 per kg",Kalamataoliven Tapenade,100 g
35,middager-og-tilbehor,ferdigsauser,"kr 32,60","kr 326,00 per kg",Soltørret Tomat Bruschetta,100 g
36,middager-og-tilbehor,ferdigsauser,"kr 41,50","kr 207,50 per kg",Nirus Tandoori Paste,200 g
37,middager-og-tilbehor,ferdigsauser,"kr 15,00","kr 60,00 per kg",Aioli,250 g
38,middager-og-tilbehor,ferdigsauser,"kr 15,00","kr 60,00 per kg",Chili Aioli,250 g
39,middager-og-tilbehor,ferdigsauser,"kr 22,60","kr 125,56 per kg",Bearnaise,180 g
40,middager-og-tilbehor,ferdigsauser,"kr 10,00","kr 55,56 per kg",Hollandaise,180 g
41,middager-og-tilbehor,ferdigsauser,"kr 29,70","kr 118,80 per l",Bearnaisesaus,"2,5 dl"
42,middager-og-tilbehor,ferdigsauser,"kr 37,30","kr 124,33 per l",Pepper Ferdigsaus,300 ml
43,middager-og-tilbehor,ferdigsauser,"kr 41,10","kr 137,00 per l",Champignon Ferdigsaus,300 ml
44,middager-og-tilbehor,ferdigsauser,"kr 42,70","kr 142,33 per l",Hollandaise Ferdigsaus,300 ml
45,middager-og-tilbehor,ferdigsauser,"kr 37,40","kr 124,67 per l",Bearnaise Ferdigsaus,300 ml
46,middager-og-tilbehor,ferdigsauser,"kr 20,90","kr 83,60 per kg",Kos Jordbærsaus,250 g
47,middager-og-tilbehor,ferdigsauser,"kr 36,80","kr 368,00 per l",Fersk Aioli,1 dl
48,middager-og-tilbehor,ferdigsauser,"kr 35,80","kr 204,57 per l",Fersk Bearnaisesaus,175 ml
49,middager-og-tilbehor,ferdigsauser,"kr 30,00","kr 166,67 per kg",Fersk Tzatziki,180 g
50,middager-og-tilbehor,ferdigsauser,"kr 36,00","kr 144,00 per l",Fjordland Peppersaus,"2,5 dl"
51,middager-og-tilbehor,ferdigsauser,"kr 46,20","kr 168,00 per kg",Hummus,"Med Soltørkede Tomater, 275 g"
52,middager-og-tilbehor,ferdigsauser,"kr 34,60","kr 230,67 per kg",Auberginesalat,"(Baba Ghannoughe), 150 g"
53,middager-og-tilbehor,ferdigsauser,"kr 29,00","kr 193,33 per kg",Hummus,"Hot'n Spicy, 150 g"
54,middager-og-tilbehor,ferdigsauser,"kr 39,80","kr 144,73 per kg",Hummus,"Orginal, 275 g"
55,middager-og-tilbehor,ferdigsauser,"kr 27,30","kr 182,00 per kg",Hummus Med Grønne Erter,150 g
56,middager-og-tilbehor,ferdigsauser,"kr 28,30","kr 188,67 per kg",Hummus Rødbet,150 g
57,middager-og-tilbehor,ferdigsauser,"kr 34,20","kr 148,70 per l",Lohmanders Kremet Bearnaisesaus,230 ml
58,middager-og-tilbehor,ferdigsauser,"kr 12,30","kr 24,60 per kg",Pastasaus,500 g
59,middager-og-tilbehor,ferdigsauser,"kr 29,90","kr 213,57 per kg",Peppes Hvit Pizzasaus,140 g
60,middager-og-tilbehor,ferdigsauser,"kr 16,10","kr 40,25 per kg",Pizzasaus,400 g
61,middager-og-tilbehor,ferdigsauser,"kr 18,90","kr 47,25 per kg",Pizza Sauce,400 g
62,middager-og-tilbehor,ferdigsauser,"kr 14,50","kr 72,50 per kg",Sennepsaus,200 g
63,middager-og-tilbehor,ferdigsauser,"kr 33,50","kr 203,03 per kg",Fersk Totensalsa hakket kvassere,"sterk, 165 g"
64,middager-og-tilbehor,ferdigsauser,"kr 32,90","kr 199,39 per kg",Totensalsa ælminnelig,"Mild, 165 g"
65,middager-og-tilbehor,ferdigsauser,"kr 32,90","kr 199,39 per kg",Totensalsa kvass,"Medium, 165 g"
66,middager-og-tilbehor,ferdigsauser,"kr 32,60","kr 93,14 per kg",Paradiso Ajvar,350 g
67,middager-og-tilbehor,ferdigsauser,"kr 65,30","kr 186,57 per kg",Kimchi,350 g
68,middager-og-tilbehor,ferdigsauser,"kr 34,50","kr 230,00 per kg",Guacamole,150 g
69,middager-og-tilbehor,ferdigsauser,"kr 40,40","kr 260,65 per kg",Hummus Snackpack,155 g
70,middager-og-tilbehor,ferdigsauser,"kr 30,50","kr 122,00 per l",Karrisaus Med Kokos Og Eple,250 ml
0,middager-og-tilbehor,middags-kit-og-gryteretter,"kr 39,40","kr 231,76 per kg",Chicken Chili Bowl,170 g
1,middager-og-tilbehor,middags-kit-og-gryteretter,"kr 39,40","kr 262,67 per kg",Chili Con Carne Bowl,150 g
2,middager-og-tilbehor,middags-kit-og-gryteretter,"kr 36,00","kr 180,00 per kg",Lasagne,200 g
3,middager-og-tilbehor,middags-kit-og-gryteretter,"kr 21,80","kr 117,20 per kg",Rømmegrøt,186 g
4,middager-og-tilbehor,middags-kit-og-gryteretter,"kr 24,80","kr 167,57 per kg",Risengrøt,"Snarkokt, 148 g"
5,middager-og-tilbehor,middags-kit-og-gryteretter,"kr 12,90","kr 16,13 per kg",Risgrøt,800 g
6,middager-og-tilbehor,middags-kit-og-gryteretter,"kr 69,80","kr 219,50 per kg",Tikka Masala Indisk,318 g
7,middager-og-tilbehor,middags-kit-og-gryteretter,"kr 48,80","kr 168,28 per kg",Indisk Tandoori Chicken,"Kit, 290 g"
8,middager-og-tilbehor,middags-kit-og-gryteretter,"kr 31,20","kr 390,00 per kg",Tandoori Kyllinggryte,80 g
9,middager-og-tilbehor,middags-kit-og-gryteretter,"kr 23,60","kr 259,34 per kg",Bali Kyllinggryte,91 g
10,middager-og-tilbehor,middags-kit-og-gryteretter,"kr 41,40","kr 304,41 per kg",Gresk Moussaka,"Pulver, 136 g"
11,middager-og-tilbehor,middags-kit-og-gryteretter,"kr 51,70","kr 478,70 per kg",Tomat Pølsegryte,108 g
12,middager-og-tilbehor,middags-kit-og-gryteretter,"kr 31,20","kr 177,27 per kg",Italiensk Gryte,176 g
13,middager-og-tilbehor,middags-kit-og-gryteretter,"kr 50,80","kr 245,41 per kg",Bolognesegryte Med Basilikum,207 g
14,middager-og-tilbehor,middags-kit-og-gryteretter,"kr 34,50","kr 107,81 per kg",Lasagne Familiepakning,320 g
15,middager-og-tilbehor,middags-kit-og-gryteretter,"kr 58,40","kr 179,69 per kg",Glutenfri Lasagne,"Familiepakning, 325 g"
16,middager-og-tilbehor,middags-kit-og-gryteretter,"kr 35,00","kr 133,59 per kg",Lasagne,"Til 4 Porsjoner, 262 g"
17,middager-og-tilbehor,middags-kit-og-gryteretter,"kr 33,40","kr 295,58 per kg",Indisk Gryte,"Tikka Masala, 113 g"
18,middager-og-tilbehor,middags-kit-og-gryteretter,"kr 26,50","kr 250,00 per kg",Jegergryte,106 g
19,middager-og-tilbehor,middags-kit-og-gryteretter,"kr 22,90","kr 122,46 per kg",Amerikansk Gryte,187 g
20,middager-og-tilbehor,middags-kit-og-gryteretter,"kr 33,50","kr 117,96 per kg",Meksikansk Gryte,"Familiepakning, 284 g"
21,middager-og-tilbehor,middags-kit-og-gryteretter,"kr 33,90","kr 164,56 per kg",Raspeballer,206 g
22,middager-og-tilbehor,middags-kit-og-gryteretter,"kr 28,40","kr 170,06 per kg",Ertestuing Original,167 g
23,middager-og-tilbehor,middags-kit-og-gryteretter,"kr 23,60","kr 143,90 per kg",Ertestuing Snarkokt,164 g
24,middager-og-tilbehor,middags-kit-og-gryteretter,"kr 31,60","kr 39,50 per kg",Grøtris,"Familiepakning, 800 g"
25,middager-og-tilbehor,middags-kit-og-gryteretter,"kr 46,80","kr 159,18 per kg",Pasta Di Parma Familie,294 g
26,middager-og-tilbehor,middags-kit-og-gryteretter,"kr 36,90","kr 201,64 per kg",Toro Meksikansk Gryte,"Glutenfri, 183 g"
27,middager-og-tilbehor,middags-kit-og-gryteretter,"kr 31,80","kr 170,05 per kg",Toro Pannekaker,"Glutenfri, 187 g"
28,middager-og-tilbehor,middags-kit-og-gryteretter,"kr 30,10","kr 430,00 per kg",Fri Bali Gryte,"Glutenfri, 70 g"
29,middager-og-tilbehor,middags-kit-og-gryteretter,"kr 37,80","kr 420,00 per kg",Toro Jegergryte,"Glutenfri, 90 g"
0,middager-og-tilbehor,ris-og-pasta,"kr 29,80","kr 74,50 per kg",Fullkornscouscous,400 g
1,middager-og-tilbehor,ris-og-pasta,"kr 22,80","kr 76,00 per kg",Byggris,"Boil-in-bag, 300 g"
2,middager-og-tilbehor,ris-og-pasta,"kr 56,20","kr 56,20 per kg",Basmatiris,"Boil-in-bag, 1 kg"
3,middager-og-tilbehor,ris-og-pasta,"kr 78,60","kr 78,60 per kg",Basmatiris Villris,"8 x 125g, Boil-in-bag, 1 kg"
4,middager-og-tilbehor,ris-og-pasta,"kr 55,80","kr 79,71 per kg",Basmatiris Fullkorn,"Økologisk, 700 g"
5,middager-og-tilbehor,ris-og-pasta,"kr 75,30","kr 215,14 per kg",Quinoa Hvit,"Økologisk, 350 g"
6,middager-og-tilbehor,ris-og-pasta,"kr 34,80","kr 69,60 per kg",Penne Rigate,500 g
7,middager-og-tilbehor,ris-og-pasta,"kr 44,90","kr 22,45 per kg",Jasminris,2 kg
8,middager-og-tilbehor,ris-og-pasta,"kr 30,10","kr 15,05 per kg",Middagsris Ståpose,2 kg
9,middager-og-tilbehor,ris-og-pasta,"kr 61,70","kr 123,40 per kg",Sushiris,500 g
10,middager-og-tilbehor,ris-og-pasta,"kr 69,80","kr 139,60 per kg",Bulgur Hvete,500 g
11,middager-og-tilbehor,ris-og-pasta,"kr 32,60","kr 65,20 per kg",Risotto Carnaroli,500 g
12,middager-og-tilbehor,ris-og-pasta,"kr 62,90","kr 209,67 per kg",Paella,300 g
13,middager-og-tilbehor,ris-og-pasta,"kr 54,80","kr 219,20 per kg",Risotto,"Med Steinsopp, 250 g"
14,middager-og-tilbehor,ris-og-pasta,"kr 54,80","kr 219,20 per kg",Risotto,"Med Asparges, 250 g"
15,middager-og-tilbehor,ris-og-pasta,"kr 54,80","kr 219,20 per kg",Risotto,"Med Paprika, 250 g"
16,middager-og-tilbehor,ris-og-pasta,"kr 54,80","kr 219,20 per kg",Risotto,"Tomat og Basilikum, 250 g"
17,middager-og-tilbehor,ris-og-pasta,"kr 57,60","kr 144,00 per kg",Quinoa,400 g
18,middager-og-tilbehor,ris-og-pasta,"kr 40,00","kr 40,00 per kg",Fullkornsris,"Boil-in-bag 8x125g, 1 kg"
19,middager-og-tilbehor,ris-og-pasta,"kr 28,40","kr 56,80 per kg",Basmatiris Løs,500 g
20,middager-og-tilbehor,ris-og-pasta,"kr 32,60","kr 32,60 per kg",Bulgur Fin,"Köftelik, 1 kg"
21,middager-og-tilbehor,ris-og-pasta,"kr 32,60","kr 32,60 per kg",Bulgur Grov Pilavlik,"Pilavlik, 1 kg"
22,middager-og-tilbehor,ris-og-pasta,"kr 32,60","kr 32,60 per kg",Bulgur Mellomgrov,"Midyat, 1 kg"
23,middager-og-tilbehor,ris-og-pasta,"kr 27,70","kr 55,40 per kg",Couscous,500 g
24,middager-og-tilbehor,ris-og-pasta,"kr 26,00","kr 65,00 per kg",Hurtigris Løsvekt,400 g
25,middager-og-tilbehor,ris-og-pasta,"kr 49,90","kr 12,48 per kg",Jasminris,4 kg
26,middager-og-tilbehor,ris-og-pasta,"kr 36,50","kr 36,50 per kg",Jasminris,"8x125g, Boil-in-bag, 1 kg"
27,middager-og-tilbehor,ris-og-pasta,"kr 35,90","kr 37,40 per kg",Jasminris Boil in Bag,"8 poser, 960 g"
28,middager-og-tilbehor,ris-og-pasta,"kr 34,80","kr 38,67 per kg",Linser Røde,900 g
29,middager-og-tilbehor,ris-og-pasta,"kr 38,90","kr 38,90 per kg",Middagsris,"Boil In Bag 8x125g, 1 kg"
30,middager-og-tilbehor,ris-og-pasta,"kr 39,80","kr 79,60 per kg",Nirus Basmati Ris,500 g
31,middager-og-tilbehor,ris-og-pasta,"kr 50,00","kr 90,91 per kg",Økologisk Brun Basmatiris,550 g
32,middager-og-tilbehor,ris-og-pasta,"kr 24,90","kr 45,27 per kg",Økologisk Jasminris,550 g
33,middager-og-tilbehor,ris-og-pasta,"kr 42,90","kr 85,80 per kg",Økologisk Perlebygg,500 g
34,middager-og-tilbehor,ris-og-pasta,"kr 37,90","kr 75,80 per kg",Økologisk Perlespelt,500 g
35,middager-og-tilbehor,ris-og-pasta,"kr 30,50","kr 61,00 per kg",Perlecouscous,500 g
36,middager-og-tilbehor,ris-og-pasta,"kr 26,40","kr 66,00 per kg",Ris Snarkokt,400 g
0,middager-og-tilbehor,pasta-og-nudler,"kr 29,00","kr 116,00 per kg",Tortelloni Ricotta & Spinat,250 g
1,middager-og-tilbehor,pasta-og-nudler,"kr 30,70","kr 122,80 per kg",Tortellini Skinke & Ost,250 g
2,middager-og-tilbehor,pasta-og-nudler,"kr 33,80","kr 84,50 per kg",Tagliatelle,400 g
3,middager-og-tilbehor,pasta-og-nudler,"kr 25,30","kr 101,20 per kg",Perline med Parmigiano Reggiano,250 g
4,middager-og-tilbehor,pasta-og-nudler,"kr 48,10","kr 96,20 per kg",Tortelloni Bolognese,500 g
5,middager-og-tilbehor,pasta-og-nudler,"kr 59,70","kr 238,80 per kg",Tagliatelle Glutenfri,250 g
6,middager-og-tilbehor,pasta-og-nudler,"kr 29,00","kr 116,00 per kg",Tortelloni Med Skinke,250 g
7,middager-og-tilbehor,pasta-og-nudler,"kr 52,90","kr 132,25 per kg",Spaghetti Glutenfri,400 g
8,middager-og-tilbehor,pasta-og-nudler,"kr 40,80","kr 81,60 per kg",Farfalle,500 g
9,middager-og-tilbehor,pasta-og-nudler,"kr 40,40","kr 40,40 per kg",Spaghetti Fullkorn,1 kg
10,middager-og-tilbehor,pasta-og-nudler,"kr 26,20","kr 26,20 per kg",Spaghetti,1 kg
11,middager-og-tilbehor,pasta-og-nudler,"kr 44,40","kr 88,80 per kg",Tagliatelle,500 g
12,middager-og-tilbehor,pasta-og-nudler,"kr 37,80","kr 1,89 per stk",Lasagneplater,"500g, 20 stk"
13,middager-og-tilbehor,pasta-og-nudler,"kr 43,50","kr 174,00 per kg",Lasagne Glutenfri,250 g
14,middager-og-tilbehor,pasta-og-nudler,"kr 34,40","kr 86,00 per kg",Spaghetti,"Glutenfri, 400 g"
15,middager-og-tilbehor,pasta-og-nudler,"kr 33,00","kr 66,00 per kg",Gigli Toscani Artisan Pasta,500 g
16,middager-og-tilbehor,pasta-og-nudler,"kr 19,90","kr 39,80 per kg",Økologisk Fullkorn Spaghetti,500 g
17,middager-og-tilbehor,pasta-og-nudler,"kr 14,00","kr 28,00 per kg",Spaghetti,500 g
18,middager-og-tilbehor,pasta-og-nudler,"kr 17,10","kr 34,20 per kg",Fullkorn Spaghetti,500 g
19,middager-og-tilbehor,pasta-og-nudler,"kr 16,50","kr 16,50 per kg",Spaghetti,1 kg
20,middager-og-tilbehor,pasta-og-nudler,"kr 24,80","kr 49,60 per kg",Fettuccine Økologisk,"Økologisk, 500 g"
21,middager-og-tilbehor,pasta-og-nudler,"kr 31,40","kr 78,50 per kg",Goodly Spaghetti Glutenfri,"Økologisk, 400 g"
22,middager-og-tilbehor,pasta-og-nudler,"kr 22,80","kr 50,67 per kg",Spaghetti Rik På Fiber,450 g
23,middager-og-tilbehor,pasta-og-nudler,"kr 18,40","kr 40,89 per kg",Spaghettini,450 g
24,middager-og-tilbehor,pasta-og-nudler,"kr 15,60","kr 31,20 per kg",Spaghetti,500 g
25,middager-og-tilbehor,pasta-og-nudler,"kr 52,10","kr 104,20 per kg",Speltspagetti,"Økologisk, 500 g"
26,middager-og-tilbehor,pasta-og-nudler,"kr 54,20","kr 108,40 per kg",Speltspagetti Fullkorn,"Økologisk, 500 g"
27,middager-og-tilbehor,pasta-og-nudler,"kr 44,20","kr 176,80 per kg",Fusilli Røde Linser,"Glutenfri, 250 g"
28,middager-og-tilbehor,pasta-og-nudler,"kr 44,20","kr 176,80 per kg",Casarecce Kikerter,250 g
29,middager-og-tilbehor,pasta-og-nudler,"kr 21,70","kr 43,40 per kg",Penne Fullkorn,"Rigate Intergrale, 500 g"
30,middager-og-tilbehor,pasta-og-nudler,"kr 21,70","kr 43,40 per kg",Penne Rigate,500 g
31,middager-og-tilbehor,pasta-og-nudler,"kr 12,90","kr 25,80 per kg",Fusilli,500 g
32,middager-og-tilbehor,pasta-og-nudler,"kr 11,60","kr 23,20 per kg",Fusilli,500 g
33,middager-og-tilbehor,pasta-og-nudler,"kr 18,40","kr 36,80 per kg",Penne,500 g
34,middager-og-tilbehor,pasta-og-nudler,"kr 19,90","kr 39,80 per kg",Pastaskruer Fullkorn,500 g
35,middager-og-tilbehor,pasta-og-nudler,"kr 18,40","kr 36,80 per kg",Fullkorn Fusilli,500 g
36,middager-og-tilbehor,pasta-og-nudler,"kr 19,10","kr 38,20 per kg",Penne Fullkorn,500 g
37,middager-og-tilbehor,pasta-og-nudler,"kr 22,00","kr 44,00 per kg",Penne Rigate,500 g
38,middager-og-tilbehor,pasta-og-nudler,"kr 32,80","kr 65,60 per kg",Farfalle,500 g
39,middager-og-tilbehor,pasta-og-nudler,"kr 34,40","kr 86,00 per kg",Fusilli,"Glutenfri, 400 g"
40,middager-og-tilbehor,pasta-og-nudler,"kr 35,80","kr 71,60 per kg",Fusilli,"Økologisk, 500 g"
41,middager-og-tilbehor,pasta-og-nudler,"kr 32,60","kr 108,67 per kg",Pasta Penne Økologisk,"Glutenfri, 300 g"
42,middager-og-tilbehor,pasta-og-nudler,"kr 32,60","kr 108,67 per kg",Pasta Fusilli Økologisk,"Glutenfri, 300 g"
43,middager-og-tilbehor,pasta-og-nudler,"kr 52,10","kr 104,20 per kg",Speltskruer Fullkorn,"Økologisk, 500 g"
44,middager-og-tilbehor,pasta-og-nudler,"kr 51,10","kr 102,20 per kg",Pasta Speltskruer,"Økologisk, 500 g"
45,middager-og-tilbehor,pasta-og-nudler,"kr 26,70","kr 53,40 per kg",Tagliatelle,500 g
46,middager-og-tilbehor,pasta-og-nudler,"kr 16,40","kr 32,80 per kg",Makaroni,500 g
47,middager-og-tilbehor,pasta-og-nudler,"kr 19,90","kr 19,90 per kg",Makaroni,1 kg
48,middager-og-tilbehor,pasta-og-nudler,"kr 20,50","kr 31,54 per kg",Makaroni Snarkokt,650 g
49,middager-og-tilbehor,pasta-og-nudler,"kr 25,10","kr 50,20 per kg",Makaroni Fullkorn,500 g
50,middager-og-tilbehor,pasta-og-nudler,"kr 48,30","kr 96,60 per kg",Lasagne,500 g
51,middager-og-tilbehor,pasta-og-nudler,"kr 22,00","kr 44,00 per kg",Lasagneplater,"100% Durum, 500 g"
52,middager-og-tilbehor,pasta-og-nudler,"kr 24,90","kr 49,80 per kg",Lasagneplater Fullkorn,500 g
53,middager-og-tilbehor,pasta-og-nudler,"kr 29,20","kr 116,80 per kg",Lasagneplater Glutenfri,"Økologisk, 250 g"
54,middager-og-tilbehor,pasta-og-nudler,"kr 25,40","kr 48,38 per kg",Penne Fullkorn,525 g
55,middager-og-tilbehor,pasta-og-nudler,"kr 24,20","kr 48,40 per kg",Fusilli Fullkorn,500 g
56,middager-og-tilbehor,pasta-og-nudler,"kr 10,70","kr 125,88 per kg",Nudler med kjøttsmak,85 g
57,middager-og-tilbehor,pasta-og-nudler,"kr 10,80","kr 127,06 per kg",Nudler med Kyllingsmak,85 g
58,middager-og-tilbehor,pasta-og-nudler,"kr 22,40","kr 344,62 per kg",Kopp-Nudler Med kyllingsmak,65 g
59,middager-og-tilbehor,pasta-og-nudler,"kr 23,80","kr 366,15 per kg",Kopp-Nudler Med Kjøttsmak,65 g
60,middager-og-tilbehor,pasta-og-nudler,"kr 28,40","kr 436,92 per kg",Pasta Bolognese,"Rett i Koppen, 65 g"
61,middager-og-tilbehor,pasta-og-nudler,"kr 28,90","kr 466,13 per kg",Rett i Koppen Mac N' Cheese,62 g
62,middager-og-tilbehor,pasta-og-nudler,"kr 28,40","kr 465,57 per kg",Pasta Di Parma,"Rett i Koppen, 61 g"
0,middager-og-tilbehor,middagstilbehor,"kr 19,90","kr 199,00 per kg",Døgnvill Aioli,100 g
1,middager-og-tilbehor,middagstilbehor,"kr 19,90","kr 199,00 per kg",Døgnvill Chilisaus,100 g
2,middager-og-tilbehor,middagstilbehor,"kr 24,90","kr 124,50 per kg",Døgnvill Coleslaw,200 g
3,middager-og-tilbehor,middagstilbehor,"kr 19,90","kr 199,00 per kg",Døgnvill BBQ saus,100 g
4,middager-og-tilbehor,middagstilbehor,"kr 19,90","kr 199,00 per kg",Døgnvill Majones,100 g
5,middager-og-tilbehor,middagstilbehor,"kr 19,90","kr 199,00 per kg",Døgnvill Chipotle Mayo,100 g
6,middager-og-tilbehor,middagstilbehor,"kr 44,90","kr 44,90 per stk",Glutenfritt Hamburgerbrød,"Glutenfritt Hamburgerbrød, 2-pak, 1 stk"
7,middager-og-tilbehor,middagstilbehor,"kr 29,90","kr 83,06 per kg",Døgnvill Burgerbrød,4 stk
8,middager-og-tilbehor,middagstilbehor,"kr 33,40","kr 66,80 per kg",Søtpotet Fries,500 g
9,middager-og-tilbehor,middagstilbehor,"kr 32,80","kr 109,33 per kg",Grønnere Middag,"Med Bønner Og Oliven, 300 g"
10,middager-og-tilbehor,middagstilbehor,"kr 33,00","kr 110,00 per kg",Grønnere Middag,"Med Bygg Og Bønner, 300 g"
11,middager-og-tilbehor,middagstilbehor,"kr 29,20","kr 58,40 per kg",Potetsalat,500 g
12,middager-og-tilbehor,middagstilbehor,"kr 24,40","kr 215,93 per kg",Gratinerte Poteter Med Ost,113 g
13,middager-og-tilbehor,middagstilbehor,"kr 21,50","kr 238,89 per kg",Potetstappe Klassisk,90 g
14,middager-og-tilbehor,middagstilbehor,"kr 41,40","kr 92,00 per kg",Potetstappe,"Hjemmelaget, 450 g"
15,middager-og-tilbehor,middagstilbehor,"kr 36,80","kr 73,60 per kg",Potetmos,"Norge/ Danmark, 500 g"
16,middager-og-tilbehor,middagstilbehor,"kr 15,60","kr 173,33 per kg",Potetmos Med Gressløk,90 g
17,middager-og-tilbehor,middagstilbehor,"kr 12,10","kr 134,44 per kg",Potetmos Vanlig,90 g
18,middager-og-tilbehor,middagstilbehor,"kr 35,00","kr 411,76 per kg",Kålrabistappe,85 g
19,middager-og-tilbehor,middagstilbehor,"kr 46,80","kr 104,00 per kg",Kålstuing,450 g
20,middager-og-tilbehor,middagstilbehor,"kr 10,60","kr 106,00 per kg",Sprøstekt Løk,"PS, 100 g"
21,middager-og-tilbehor,middagstilbehor,"kr 19,20","kr 192,00 per kg",Sprøstekt Løk,"Glutenfri, 100 g"
22,middager-og-tilbehor,middagstilbehor,"kr 10,50","kr 105,00 per kg",Sprøstekt Løk,100 g
23,middager-og-tilbehor,middagstilbehor,"kr 15,80","kr 35,11 per kg",Parisersurkål Hjemmelaget,450 g
24,middager-og-tilbehor,middagstilbehor,"kr 15,80","kr 175,56 per kg",Sukkerkulør Flytende,90 g
25,middager-og-tilbehor,middagstilbehor,"kr 56,80","kr 1320,93 per kg",Wasabi Paste,43 g
26,middager-og-tilbehor,middagstilbehor,"kr 39,80","kr 280,28 per kg",Krutonger Caesar,142 g
27,middager-og-tilbehor,middagstilbehor,"kr 39,80","kr 280,28 per kg",Krutonger Med Havsalt & Pepper,142 g
28,middager-og-tilbehor,middagstilbehor,"kr 86,90","kr 249,00 per kg",Tofu,349 g
29,middager-og-tilbehor,middagstilbehor,"kr 33,40","kr 123,70 per kg",Tofu Naturell,"Økologisk, 270 g"
30,middager-og-tilbehor,middagstilbehor,"kr 35,40","kr 70,80 per kg",Mandelpotetstappe,500 g
31,middager-og-tilbehor,middagstilbehor,"kr 20,50","kr 43,16 per kg",Opphøgde Potteter,475 g
32,middager-og-tilbehor,middagstilbehor,"kr 34,30","kr 57,17 per kg",Pommes Noisettes,600 g
33,middager-og-tilbehor,middagstilbehor,"kr 29,80","kr 39,73 per kg",Rotgrønnsaker Grovkuttet,750 g
34,middager-og-tilbehor,middagstilbehor,"kr 13,90","kr 27,80 per kg","Rotmos, Ferdig til oppvarming","Norge, 500 g"
35,middager-og-tilbehor,middagstilbehor,"kr 39,90","kr 133,00 per kg",Syltet Rødløk,300 g
36,middager-og-tilbehor,middagstilbehor,"kr 15,00","kr 60,00 per kg",Aioli,250 g
37,middager-og-tilbehor,middagstilbehor,"kr 15,00","kr 60,00 per kg",Chili Aioli,250 g
38,middager-og-tilbehor,middagstilbehor,"kr 15,00","kr 60,00 per kg",Coleslaw,"Taste Lab, 250 g"
39,middager-og-tilbehor,middagstilbehor,"kr 30,00","kr 230,77 per kg",Artisjokkhjerter Tapas,130 g
40,middager-og-tilbehor,middagstilbehor,"kr 30,00","kr 166,67 per kg",Fersk Tzatziki,180 g
41,middager-og-tilbehor,middagstilbehor,"kr 34,70","kr 138,80 per kg",Mozzarella Sticks,"Taste Lab, 250 g"
42,middager-og-tilbehor,middagstilbehor,"kr 34,70","kr 138,80 per kg",Jalapeño Poppers,"Taste Lab, 250 g"
43,middager-og-tilbehor,middagstilbehor,"kr 33,10","kr 110,33 per kg",Løkringer,"Taste Lab, 300 g"
44,middager-og-tilbehor,middagstilbehor,"kr 169,90","kr 174,26 per kg",Mozzarella Sticks,"65 stk, 975 g"
45,middager-og-tilbehor,middagstilbehor,"kr 149,00","kr 87,65 per kg",Vårruller med Grønnsaker,"85 stk, 1,7 kg"
46,middager-og-tilbehor,middagstilbehor,"kr 27,90","kr 87,19 per kg",Vårruller med Grønnsaker,"16 stk, 320 g"
47,middager-og-tilbehor,middagstilbehor,"kr 29,90","kr 166,11 per kg",Vårruller med And,"10 stk, 180 g"
48,middager-og-tilbehor,middagstilbehor,"kr 52,40","kr 87,33 per kg",Vårruller med Grønnsaker,600 g
49,middager-og-tilbehor,middagstilbehor,"kr 46,60","kr 77,67 per kg",Vårruller med Kylling & Grønnsaker,600 g
50,middager-og-tilbehor,middagstilbehor,"kr 38,20","kr 69,45 per kg",Vårulldeig,"Ferdige Deigark, 40 stk"
51,middager-og-tilbehor,middagstilbehor,"kr 68,80","kr 513,43 per kg",Vårrull Wrap,"12 stk, 134 g"
52,middager-og-tilbehor,middagstilbehor,"kr 40,80","kr 340,00 per kg",Brødsnacks,"Tomat & Oregano, 120 g"
53,middager-og-tilbehor,middagstilbehor,"kr 40,80","kr 340,00 per kg",Brødsnacks,"Hvitløk og Persille, 120 g"
54,middager-og-tilbehor,middagstilbehor,"kr 43,40","kr 217,00 per kg",Chili Con Queso,200 g
55,middager-og-tilbehor,middagstilbehor,"kr 42,80","kr 142,67 per kg",Falafel,300 g
56,middager-og-tilbehor,middagstilbehor,"kr 17,40","kr 34,80 per kg",Ferdigkokt Ertestuing,500 g
57,middager-og-tilbehor,middagstilbehor,"kr 44,20","kr 340,00 per kg",Fersk Grønn Pesto,130 g
58,middager-og-tilbehor,middagstilbehor,"kr 47,00","kr 127,03 per kg",Fersk Kikertcurry,370 g
59,middager-og-tilbehor,middagstilbehor,"kr 41,60","kr 55,47 per kg",Fløtegratinerte Poteter,750 g
60,middager-og-tilbehor,middagstilbehor,"kr 16,90","kr 42,25 per kg",Fløtepoteter,"Norge/ Danmark, 400 g"
61,middager-og-tilbehor,middagstilbehor,"kr 34,50","kr 230,00 per kg",Guacamole,150 g
62,middager-og-tilbehor,middagstilbehor,"kr 33,10","kr 206,88 per kg",Havrebit Naturell,"Proteinrikt Havrebasert Matlagingsprodukt, 160 g"
63,middager-og-tilbehor,middagstilbehor,"kr 44,20","kr 276,25 per kg",Havrebit Urter,"Proteinrikt Havrebasert Matlagingsprodukt, 160 g"
64,middager-og-tilbehor,middagstilbehor,"kr 28,30","kr 188,67 per kg",Hummus Rødbet,150 g
65,middager-og-tilbehor,middagstilbehor,"kr 38,20","kr 181,90 per kg",Hummus Trio,"Med Tomat, Chili og Basilikum, 210 g"
66,middager-og-tilbehor,middagstilbehor,"kr 159,00","kr 407,69 per l",Jegerkraut,"Upasteurisert Surkål, 390 ml"
67,middager-og-tilbehor,middagstilbehor,"kr 49,10","kr 345,77 per kg",Krutonger Hvitløk & Løk,"Fettfri, 142 g"
68,middager-og-tilbehor,middagstilbehor,"kr 16,40","kr 328,00 per kg",Krutonger Caesar,50 g
69,middager-og-tilbehor,middagstilbehor,"kr 25,70","kr 514,00 per kg",Krutonger med Ost & Oregano,50 g
0,pizza-og-taco,fryst-pizza,"kr 46,80","kr 137,65 per kg",Tynn Bunn Mozzarella,340 g
1,pizza-og-taco,fryst-pizza,"kr 46,80","kr 153,44 per kg",Tynn Bunn Pepperoni,305 g
2,pizza-og-taco,fryst-pizza,"kr 24,90","kr 43,30 per kg",Grandiosa Original Pizza,575 g
3,pizza-og-taco,fryst-pizza,"kr 61,70","kr 116,42 per kg",Grandiosa Spesial Pepperoni Pizza,530 g
4,pizza-og-taco,fryst-pizza,"kr 62,40","kr 118,18 per kg",Grandiosa Mandagspizza,528 g
5,pizza-og-taco,fryst-pizza,"kr 65,80","kr 126,54 per kg",Grandiosa Kjøttdeig&løk Pizza,520 g
6,pizza-og-taco,fryst-pizza,"kr 89,00","kr 152,14 per kg",Big One Mexican Pizza,585 g
7,pizza-og-taco,fryst-pizza,"kr 79,80","kr 135,25 per kg",Big One Pepperoni Pizza,590 g
8,pizza-og-taco,fryst-pizza,"kr 40,20","kr 70,53 per kg",Big One Classic Pizza,570 g
9,pizza-og-taco,fryst-pizza,"kr 77,80","kr 146,79 per kg",Big One Cheese Pizza,530 g
10,pizza-og-taco,fryst-pizza,"kr 84,90","kr 152,97 per kg",Big One Meat Lover Pizza,555 g
11,pizza-og-taco,fryst-pizza,"kr 98,90","kr 122,10 per kg",Big One Giants Mighty Meat,810 g
12,pizza-og-taco,fryst-pizza,"kr 69,90","kr 174,75 per kg",La Mia Grande Prosciutto e Formaggi,400 g
13,pizza-og-taco,fryst-pizza,"kr 69,90","kr 174,75 per kg",La Mia Grande 4 Formaggi,400 g
14,pizza-og-taco,fryst-pizza,"kr 67,90","kr 178,68 per kg",La Mia Grande Salame Piccante,380 g
15,pizza-og-taco,fryst-pizza,"kr 56,90","kr 84,93 per kg",Ristorante Mozzarella,"2pk, 670 g"
16,pizza-og-taco,fryst-pizza,"kr 55,80","kr 174,38 per kg",Ristorante Pepperoni Salame,320 g
17,pizza-og-taco,fryst-pizza,"kr 75,30","kr 114,09 per kg",Ristorante Speciale,"2pk, 660 g"
18,pizza-og-taco,fryst-pizza,"kr 43,80","kr 123,38 per kg",Ristorante Pizza Pollo,355 g
19,pizza-og-taco,fryst-pizza,"kr 56,80","kr 160,00 per kg",Ristorante Hawaii,355 g
20,pizza-og-taco,fryst-pizza,"kr 58,70","kr 150,51 per kg",Ristorante Spinaci,390 g
21,pizza-og-taco,fryst-pizza,"kr 54,80","kr 166,06 per kg",Ristorante Prosciutto,330 g
22,pizza-og-taco,fryst-pizza,"kr 50,00","kr 138,89 per kg",Pizza Ristorante Salame Mozzarella Pesto,360 g
23,pizza-og-taco,fryst-pizza,"kr 55,80","kr 144,94 per kg",Ristorante Vegetale,385 g
24,pizza-og-taco,fryst-pizza,"kr 47,60","kr 126,93 per kg",Ristorante Bolognese,375 g
25,pizza-og-taco,fryst-pizza,"kr 54,40","kr 147,03 per kg",Pizza Ristorante Diavola,370 g
26,pizza-og-taco,fryst-pizza,"kr 53,30","kr 154,49 per kg",Ristorante Prosciutto,"Glutenfri, 345 g"
27,pizza-og-taco,fryst-pizza,"kr 49,80","kr 134,59 per kg",Ristorante Mozzarella,"Glutenfri, 370 g"
28,pizza-og-taco,fryst-pizza,"kr 54,80","kr 173,97 per kg",Ristorante Salame,"Glutenfri, 315 g"
29,pizza-og-taco,fryst-pizza,"kr 81,30","kr 146,49 per kg",Pizza Rustica 4 Cheese,555 g
30,pizza-og-taco,fryst-pizza,"kr 80,80","kr 149,63 per kg",Pizza Rustica Pepperoni,540 g
31,pizza-og-taco,fryst-pizza,"kr 84,90","kr 155,78 per kg",Rustica Pizza,"Ham & Cheese, 545 g"
32,pizza-og-taco,fryst-pizza,"kr 72,60","kr 110,67 per kg",Rustica Pizza,"Double Pepperoni, 656 g"
33,pizza-og-taco,fryst-pizza,"kr 59,80","kr 173,33 per kg",Tradizionale Diavola,345 g
34,pizza-og-taco,fryst-pizza,"kr 64,40","kr 171,73 per kg",Tradizionale Pancetta Delicata,375 g
35,pizza-og-taco,fryst-pizza,"kr 51,90","kr 140,27 per kg",Tradizionale Mozzarella,370 g
36,pizza-og-taco,fryst-pizza,"kr 41,00","kr 101,23 per kg",Casa di Mama Trio di Carne,405 g
37,pizza-og-taco,fryst-pizza,"kr 58,90","kr 143,66 per kg",Casa di Mama Quattro Formaggi,410 g
38,pizza-og-taco,fryst-pizza,"kr 59,80","kr 109,72 per kg",Peppes Triple Meat,"Skinke,Pepperoni & Kjøttboller, 545 g"
39,pizza-og-taco,fryst-pizza,"kr 79,80","kr 152,00 per kg",Peppes Pizza Farmer's Meat Skinke & Bacon,525 g
40,pizza-og-taco,fryst-pizza,"kr 67,80","kr 176,10 per kg",Peppes Italian 4 Cheeses,385 g
41,pizza-og-taco,fryst-pizza,"kr 71,80","kr 166,98 per kg","Peppes Italian Ham, Mozzarella & Pesto",430 g
42,pizza-og-taco,fryst-pizza,"kr 32,90","kr 109,67 per kg",Fire Oster Pizza,"Thin & Crispy, 300 g"
43,pizza-og-taco,fryst-pizza,"kr 39,90","kr 122,02 per kg",Ost og Skinke Pizza,"Thin & Crispy, 327 g"
44,pizza-og-taco,fryst-pizza,"kr 32,90","kr 102,81 per kg",Dobbel Pepperoni Pizza,"Thin & Crispy, 320 g"
45,pizza-og-taco,fryst-pizza,"kr 64,90","kr 143,27 per kg",Cheese Feast,"Ostefylt Skorpe, 453 g"
46,pizza-og-taco,fryst-pizza,"kr 64,90","kr 136,63 per kg",Pizza BBQ Meat Feast,"Ostefylt Skorpe, 475 g"
47,pizza-og-taco,fryst-pizza,"kr 54,90","kr 141,13 per kg",Salami & Sausage Pizza,389 g
48,pizza-og-taco,fryst-pizza,"kr 39,90","kr 115,32 per kg",Dobbel Pepperoni Pizza,"Deep Pan, 346 g"
49,pizza-og-taco,fryst-pizza,"kr 39,90","kr 111,45 per kg",Meat Feast Pizza,"Deep Pan, 358 g"
50,pizza-og-taco,fryst-pizza,"kr 97,90","kr 151,78 per kg",Spicy Pepperoni Takeaway Pizza,645 g
51,pizza-og-taco,fryst-pizza,"kr 34,90","kr 155,11 per kg",Hvitløk & Ost Pizzabrød,225 g
52,pizza-og-taco,fryst-pizza,"kr 91,30","kr 169,07 per kg",Grandiosa Take Away Meat Supreme,540 g
53,pizza-og-taco,fryst-pizza,"kr 64,80","kr 118,46 per kg",Grandiosa Taco Fiesta Pizza,547 g
54,pizza-og-taco,fryst-pizza,"kr 74,90","kr 126,95 per kg",Grandiosa Glutenfri Pizza,590 g
55,pizza-og-taco,fryst-pizza,"kr 64,90","kr 126,02 per kg",Grandiosa Nybakt Skinke Pizza,515 g
56,pizza-og-taco,fryst-pizza,"kr 92,60","kr 92,60 per kg",Grandiosa Vår Hjemmelagde med Kjøttdeig Pizza,1000 g
57,pizza-og-taco,fryst-pizza,"kr 102,70","kr 126,79 per kg",Big One Giants Cheddar & Beef Pizza,810 g
58,pizza-og-taco,fryst-pizza,"kr 38,40","kr 88,28 per kg",Pizza Prosciutto,435 g
59,pizza-og-taco,fryst-pizza,"kr 54,50","kr 187,93 per kg",Goodly Pizza Margherita,"Glutenfri, 290 g"
60,pizza-og-taco,fryst-pizza,"kr 49,90","kr 148,96 per kg",Pizza Pepperoni Glutenfri Goodly,335 g
0,pizza-og-taco,hjemmelaget-pizza,"kr 29,20","kr 53,09 per kg",Fersk Pizzabunn,"Med Fullkorn, 550 g"
1,pizza-og-taco,hjemmelaget-pizza,"kr 54,30","kr 208,85 per kg",Glutenfri Bunn,260 g
2,pizza-og-taco,hjemmelaget-pizza,"kr 20,00","kr 36,36 per kg",Pizzabunn Familie,550 g
3,pizza-og-taco,hjemmelaget-pizza,"kr 42,30","kr 105,75 per kg",Peppes Pizzabunn Italiensk,"Firkantet 2-3 Pers, 400 g"
4,pizza-og-taco,hjemmelaget-pizza,"kr 41,70","kr 75,82 per kg",Peppes Originale Pizzabunn,550 g
5,pizza-og-taco,hjemmelaget-pizza,"kr 43,50","kr 124,29 per kg",Glutenfri Pizzabunn Lettstekt,350 g
6,pizza-og-taco,hjemmelaget-pizza,"kr 48,80","kr 162,67 per kg",Pizzabunn Glutenfri,300 g
7,pizza-og-taco,hjemmelaget-pizza,"kr 47,70","kr 190,80 per kg",Revet Ost 4 Oster,250 g
8,pizza-og-taco,hjemmelaget-pizza,"kr 22,00","kr 59,46 per kg",Pizzabunn Familiepakke,370 g
9,pizza-og-taco,hjemmelaget-pizza,"kr 41,90","kr 41,90 per kg",Hvetemel,"Tipo-00, 1 kg"
10,pizza-og-taco,hjemmelaget-pizza,"kr 27,80","kr 27,80 per kg",Pizzamel,"Tipo-0, 1 kg"
11,pizza-og-taco,hjemmelaget-pizza,"kr 24,60","kr 24,60 per stk",Pizzagjær,"5 poser, 1 stk"
12,pizza-og-taco,hjemmelaget-pizza,"kr 57,20","kr 254,22 per kg",Chorizo Sarta,225 g
13,pizza-og-taco,hjemmelaget-pizza,"kr 20,00","kr 250,00 per kg",Chorizo Topping,80 g
14,pizza-og-taco,hjemmelaget-pizza,"kr 20,00","kr 250,00 per kg",Pepperoni Topping,"Taste Lab, 80 g"
15,pizza-og-taco,hjemmelaget-pizza,"kr 25,00","kr 250,00 per kg",Pepperoni,100 g
16,pizza-og-taco,hjemmelaget-pizza,"kr 20,00","kr 250,00 per kg",Bacon Topping,80 g
17,pizza-og-taco,hjemmelaget-pizza,"kr 39,70","kr 198,50 per kg",Smårettskinke Strimlet,200 g
18,pizza-og-taco,hjemmelaget-pizza,"kr 20,00","kr 250,00 per kg",Smårettskinke Topping,80 g
19,pizza-og-taco,hjemmelaget-pizza,"kr 18,70","kr 124,67 per kg",Spekeskinke Smårett,150 g
20,pizza-og-taco,hjemmelaget-pizza,"kr 17,40","kr 145,00 per kg",Peppes Originale Kjøttboller,120 g
21,pizza-og-taco,hjemmelaget-pizza,"kr 20,00","kr 153,85 per kg",Spicy Kjøttboller Topping,130 g
22,pizza-og-taco,hjemmelaget-pizza,"kr 32,30","kr 161,50 per kg",Jarlsberg Revet,200 g
23,pizza-og-taco,hjemmelaget-pizza,"kr 52,50","kr 116,67 per kg",Revet Økonomiblanding,450 g
24,pizza-og-taco,hjemmelaget-pizza,"kr 18,90","kr 47,25 per kg",Pizza Sauce,400 g
25,pizza-og-taco,hjemmelaget-pizza,"kr 17,90","kr 61,72 per kg",Pizzasaus,290 g
26,pizza-og-taco,hjemmelaget-pizza,"kr 20,80","kr 41,60 per kg",Pizzasaus,500 g
27,pizza-og-taco,hjemmelaget-pizza,"kr 36,40","kr 121,33 per kg",Pizzasaus,300 g
28,pizza-og-taco,hjemmelaget-pizza,"kr 14,80","kr 74,00 per kg",Pizzasaus GK,200 g
29,pizza-og-taco,hjemmelaget-pizza,"kr 9,90","kr 55,00 per kg",Pizzasaus Original,180 g
30,pizza-og-taco,hjemmelaget-pizza,"kr 15,00","kr 83,33 per kg",Pizzasaus Bianca,180 g
31,pizza-og-taco,hjemmelaget-pizza,"kr 10,00","kr 50,00 per kg",Pizzasaus,"Taste Lab, 200 g"
32,pizza-og-taco,hjemmelaget-pizza,"kr 10,00","kr 50,00 per kg",Pizzasaus Intenso,200 g
33,pizza-og-taco,hjemmelaget-pizza,"kr 23,30","kr 401,72 per kg",Pizzafyll Tomat & Urter,58 g
34,pizza-og-taco,hjemmelaget-pizza,"kr 19,80","kr 330,00 per kg",Pizzafyll Mexicana,60 g
35,pizza-og-taco,hjemmelaget-pizza,"kr 19,00","kr 365,38 per kg",Pizzafyll m/Tomat og Løk,52 g
36,pizza-og-taco,hjemmelaget-pizza,"kr 29,40","kr 235,20 per kg",Peppes Rømme & Sweet Chili,125 g
37,pizza-og-taco,hjemmelaget-pizza,"kr 36,00","kr 128,57 per kg",Pizza Topping,280 g
38,pizza-og-taco,hjemmelaget-pizza,"kr 24,20","kr 63,68 per kg",Pizzadressing,380 g
39,pizza-og-taco,hjemmelaget-pizza,"kr 14,90","kr 114,62 per kg",Peppes Originale Rømmedressing,130 g
40,pizza-og-taco,hjemmelaget-pizza,"kr 40,90","kr 1636,00 per kg",Pizzakrydder,25 g
41,pizza-og-taco,hjemmelaget-pizza,"kr 37,50","kr 37,50 per stk",Pizzahjul,1 stk
42,pizza-og-taco,hjemmelaget-pizza,"kr 12,20","kr 174,29 per kg",Peppes Pepperoni,70 g
43,pizza-og-taco,hjemmelaget-pizza,"kr 16,10","kr 40,25 per kg",Pizzasaus,400 g
44,pizza-og-taco,hjemmelaget-pizza,"kr 29,90","kr 213,57 per kg",Peppes Hvit Pizzasaus,140 g
45,pizza-og-taco,hjemmelaget-pizza,"kr 87,40","kr 126,67 per kg",Pizzabunn Surdeig,"Rund Halvstekt 30 cm, 3 stk"
46,pizza-og-taco,hjemmelaget-pizza,"kr 62,20","kr 888,57 per kg",Salami Ventricina Picante,70 g
47,pizza-og-taco,hjemmelaget-pizza,"kr 32,70","kr 408,75 per kg",Chorizo,80 g
48,pizza-og-taco,hjemmelaget-pizza,"kr 30,70","kr 146,19 per kg",Peppes Pizzadressing,"Med Rømme & Gressløk, 210 g"
49,pizza-og-taco,hjemmelaget-pizza,"kr 44,00","kr 112,82 per kg",Mini Pizzabunn,"6 stk, 390 g"
50,pizza-og-taco,hjemmelaget-pizza,"kr 41,20","kr 82,40 per kg",Pizzatopping og Gulost,500 g
51,pizza-og-taco,hjemmelaget-pizza,"kr 32,80","kr 109,33 per kg",Pizzabunn,"Glutenfri, 0,3 kg"
52,pizza-og-taco,hjemmelaget-pizza,"kr 109,30","kr 437,20 per l",Olivenolje til Pizza,"Spicy, 250 ml"
53,pizza-og-taco,hjemmelaget-pizza,"kr 39,80","kr 88,44 per kg",Pizza og Kebabdressing,"Spicy, 450 g"
54,pizza-og-taco,hjemmelaget-pizza,"kr 44,20","kr 1768,00 per kg",Pizzakrydder,"Økologisk, 25 g"
55,pizza-og-taco,hjemmelaget-pizza,"kr 14,00","kr 233,33 per kg",Peppes Original Pizzasaus,60 g
56,pizza-og-taco,hjemmelaget-pizza,"kr 69,90","kr 69,90 per kg",Tipo 00 Mel,"Kjempedurum Siktet, 1 kg"
0,pizza-og-taco,taco,"kr 20,80","kr 63,80 per kg",Tortillas,8 stk Medium ca 20 cm
1,pizza-og-taco,taco,"kr 33,60","kr 71,95 per kg",Tortillas,8 stk Large ca 23 cm
2,pizza-og-taco,taco,"kr 22,60","kr 64,57 per kg",Tortillas,6 stk Fullkorn ca 23 cm
3,pizza-og-taco,taco,"kr 34,30","kr 158,80 per kg",Tortilla Glutenfri,6 stk ca 17 cm
4,pizza-og-taco,taco,"kr 31,80","kr 151,43 per kg",Mini 100% Corn Tortilla,10 stk ca 20 cm
5,pizza-og-taco,taco,"kr 16,80","kr 45,16 per kg",Tortillas,ca 25 cm
6,pizza-og-taco,taco,"kr 20,70","kr 55,65 per kg",Fullkorntortillas,ca 25 cm
7,pizza-og-taco,taco,"kr 32,80","kr 226,21 per kg",Soft Tortilla Stand'n Stuff Mini,145 g
8,pizza-og-taco,taco,"kr 28,40","kr 147,15 per kg",Soft Tortillas Stand'n Stuff,"190g, 193 g"
9,pizza-og-taco,taco,"kr 17,40","kr 111,54 per kg",Taco Shells,"12pk, 156 g"
10,pizza-og-taco,taco,"kr 31,40","kr 261,67 per kg",Mini Taco Tubs,120 g
11,pizza-og-taco,taco,"kr 20,80","kr 154,07 per kg",Taco Shells,"12 stk, 135 g"
12,pizza-og-taco,taco,"kr 14,40","kr 45,00 per kg",Taco Dinner Kit,320 g
13,pizza-og-taco,taco,"kr 13,80","kr 57,50 per kg",Tortillas Mini,"Taste Lab, 8 stk ca 15 cm"
14,pizza-og-taco,taco,"kr 16,70","kr 52,19 per kg",Tortillas Mais,"Taste Lab, 8 stk ca 20 cm"
15,pizza-og-taco,taco,"kr 32,60","kr 95,88 per kg",Salsa Thick'n Chunky,"Medium, 340 g"
16,pizza-og-taco,taco,"kr 15,90","kr 70,35 per kg",Taco Salsa,"Medium, 226 g"
17,pizza-og-taco,taco,"kr 32,60","kr 95,88 per kg",Salsa Thick'n Chunky,"Hot, 340 g"
18,pizza-og-taco,taco,"kr 32,80","kr 105,13 per kg",Salsa Dip Medium,312 g
19,pizza-og-taco,taco,"kr 17,80","kr 77,39 per kg",Taco Sauce,"Hot, 230 g"
20,pizza-og-taco,taco,"kr 17,80","kr 77,39 per kg",Taco Sauce,"Mild, 230 g"
21,pizza-og-taco,taco,"kr 9,00","kr 39,13 per kg",Taco Sauce,"Medium, 230 g"
22,pizza-og-taco,taco,"kr 39,90","kr 124,69 per kg",Old El Paso Cheese & Red Pepper Dip,320 g
23,pizza-og-taco,taco,"kr 10,70","kr 46,52 per kg",Taco Sauce Medium,230 g
24,pizza-og-taco,taco,"kr 6,90","kr 30,00 per kg",Tacosauce Hot,230 g
25,pizza-og-taco,taco,"kr 5,90","kr 25,65 per kg",Tacosauce Medium,230 g
26,pizza-og-taco,taco,"kr 18,70","kr 103,89 per kg",Taste Lab Salsa Clasica 180g,"0,18 kg"
27,pizza-og-taco,taco,"kr 16,70","kr 53,02 per kg",Salsasaus Chunky,"Mild, 315 g"
28,pizza-og-taco,taco,"kr 21,60","kr 180,00 per kg",Jalapeños,120 g
29,pizza-og-taco,taco,"kr 14,40","kr 169,41 per kg",Taco Spice Mix 3 stk,"3 x 25g, 85 g"
30,pizza-og-taco,taco,"kr 4,50","kr 180,00 per kg",Taco Spice Mix,25 g
31,pizza-og-taco,taco,"kr 21,70","kr 255,29 per kg",Crispy Fish Spice Mix,85 g
32,pizza-og-taco,taco,"kr 8,40","kr 420,00 per kg",Guacamole Spicemix,20 g
33,pizza-og-taco,taco,"kr 7,90","kr 263,33 per kg",Spice Mix Fajita,"Smoky BBQ, 30 g"
34,pizza-og-taco,taco,"kr 28,70","kr 155,14 per kg",Tortillachips,"Ost, 185 g"
35,pizza-og-taco,taco,"kr 16,60","kr 89,73 per kg",Nachips,185 g
36,pizza-og-taco,taco,"kr 19,80","kr 107,03 per kg",Tortilla Chips Chili,185 g
37,pizza-og-taco,taco,"kr 25,80","kr 139,46 per kg",Tortillachips Sea Salt,185 g
38,pizza-og-taco,taco,"kr 37,00","kr 200,00 per kg",Tortilla Chips Cheese,185 g
39,pizza-og-taco,taco,"kr 36,80","kr 198,92 per kg",Tortilla Chips Paprika,185 g
40,pizza-og-taco,taco,"kr 38,80","kr 258,67 per kg",Tortilla Bowls Chips,150 g
41,pizza-og-taco,taco,"kr 35,80","kr 193,51 per kg",Tortilla Strips Cheese,185 g
42,pizza-og-taco,taco,"kr 65,30","kr 126,06 per kg",Enchilada Kit Glutenfri,518 g
43,pizza-og-taco,taco,"kr 43,50","kr 174,00 per kg",Tortilla av Mais,"10 Cm, 20 stk"
44,pizza-og-taco,taco,"kr 14,20","kr 44,38 per kg",Tortillas Hvete,8 stk ca 20 cm
45,pizza-og-taco,taco,"kr 25,00","kr 166,67 per kg",Dip Mild Guacamole,"Taste Lab, 150 g"
46,pizza-og-taco,taco,"kr 17,80","kr 59,33 per kg",Lettrømme 10%,300 g
47,pizza-og-taco,taco,"kr 37,80","kr 151,20 per kg",Dip Tex Mex Style,250 g
48,pizza-og-taco,taco,"kr 37,80","kr 151,20 per kg",Dip Nacho Cheese Style,250 g
49,pizza-og-taco,taco,"kr 39,80","kr 165,83 per kg",Salsa Frisk Mango & Lime,"Økologisk, 240 g"
50,pizza-og-taco,taco,"kr 39,80","kr 165,83 per kg",Salsa Mild Tomat & Koriander,"Økologisk, 240 g"
51,pizza-og-taco,taco,"kr 39,80","kr 165,83 per kg",Salsa Sterk Chili & Hvitløk,"Økologisk, 240 g"
52,pizza-og-taco,taco,"kr 34,80","kr 232,00 per kg",Tacokrydder,"Økologisk, 150 g"
53,pizza-og-taco,taco,"kr 48,50","kr 692,86 per kg",Tacokrydder,"Økologisk, 70 g"
54,pizza-og-taco,taco,"kr 11,40","kr 285,00 per kg",Taco Spice Mix Mild,40 g
55,pizza-og-taco,taco,"kr 5,30","kr 189,29 per kg",Taco Spice Mix,28 g
56,pizza-og-taco,taco,"kr 5,20","kr 173,33 per kg",Kryddermiks Kylling,"Taste Lab, 30 g"
57,pizza-og-taco,taco,"kr 5,20","kr 173,33 per kg",Kryddermiks Kjøtt,"Taste Lab, 30 g"
58,pizza-og-taco,taco,"kr 25,40","kr 175,17 per kg",Taco Trays,"8 stk, 145 g"
59,pizza-og-taco,taco,"kr 10,80","kr 270,00 per kg",Taco Spice Mix,40 g
60,pizza-og-taco,taco,"kr 14,50","kr 72,50 per kg",Nachochips Salt,200 g
61,pizza-og-taco,taco,"kr 14,00","kr 70,00 per kg",Tortillachips Ost,200 g
62,pizza-og-taco,taco,"kr 13,80","kr 69,00 per kg",Tortillachips Salt,200 g
63,pizza-og-taco,taco,"kr 51,30","kr 342,00 per m",El Yucateco Jalapeno Saus,150 mm
64,pizza-og-taco,taco,"kr 33,50","kr 203,03 per kg",Fersk Totensalsa hakket kvassere,"sterk, 165 g"
65,pizza-og-taco,taco,"kr 49,80","kr 155,63 per kg",Guacamole Salsa,320 g
66,pizza-og-taco,taco,"kr 18,30","kr 83,18 per kg",Jalapeños Rød i Skiver,"Taste Lab, 220 g"
67,pizza-og-taco,taco,"kr 15,60","kr 520,00 per kg",Mexicana Chicken Tinga Seasoningmix,30 g
68,pizza-og-taco,taco,"kr 79,80","kr 199,50 per kg",SALMA Taco,"Med Fersk Tacosaus, 400 g"
0,pizza-og-taco,snacking,"kr 34,90","kr 155,11 per kg",Hvitløk & Ost Pizzabrød,225 g
1,pizza-og-taco,snacking,"kr 63,70","kr 144,77 per kg",Hold-it,"Ost & Skinke Flerpakk, 440 g"
2,pizza-og-taco,snacking,"kr 20,80","kr 122,35 per kg",Billys Pan Pizza Original,170 g
3,pizza-og-taco,snacking,"kr 17,40","kr 145,00 per kg",Gorbys Pirog Original,120 g
4,pizza-og-taco,snacking,"kr 22,80","kr 147,10 per kg",Grandiosa Pizzarull,"Ost & Skinke, 155 g"
5,pizza-og-taco,snacking,"kr 38,60","kr 126,56 per kg",Calzone Pepperoni & Pesto,305 g
6,pizza-og-taco,snacking,"kr 38,60","kr 126,56 per kg",Calzone Ost & Skinke,305 g
0,asiatisk,indisk,"kr 49,80","kr 138,33 per kg",Butterchicken med Kryddermiks,360 g
1,asiatisk,indisk,"kr 49,80","kr 138,33 per kg",Tikka Masala med Kryddermiks,"Medium, 360 g"
2,asiatisk,indisk,"kr 47,80","kr 132,78 per kg",Tandoori Saus,360 g
3,asiatisk,indisk,"kr 36,80","kr 105,14 per kg",Korma Cooking Saus,350 g
4,asiatisk,indisk,"kr 38,80","kr 110,86 per kg",Butter Chicken Cooking Saus,350 g
5,asiatisk,indisk,"kr 36,80","kr 105,14 per kg",Tikka Masala Cooking Sauce,350 g
6,asiatisk,indisk,"kr 44,80","kr 128,00 per kg",Cooking Saus Tikka Masala Hot & Spicy,"Curry Sauce, 350 g"
7,asiatisk,indisk,"kr 34,40","kr 98,29 per kg",Tandoori Cooking Sauce,350 g
8,asiatisk,indisk,"kr 32,90","kr 94,00 per kg",Korma Karrisaus,350 g
9,asiatisk,indisk,"kr 33,40","kr 95,43 per kg",Tikka Masala Saus,350 g
10,asiatisk,indisk,"kr 29,40","kr 65,33 per kg",Tikka Masala Saus,450 g
11,asiatisk,indisk,"kr 25,80","kr 122,86 per kg",Sweet Mango Chutney,210 g
12,asiatisk,indisk,"kr 26,40","kr 75,43 per kg",Mango Chutney,"Orginal, 350 g"
13,asiatisk,indisk,"kr 29,10","kr 264,55 per kg",Red Curry Paste,110 g
14,asiatisk,indisk,"kr 29,10","kr 264,55 per kg",Grønn Curry Paste,110 g
15,asiatisk,indisk,"kr 47,40","kr 430,91 per kg",Yellow Curry Paste,110 g
16,asiatisk,indisk,"kr 28,80","kr 576,00 per kg",Green Curry Paste,50 g
17,asiatisk,indisk,"kr 29,80","kr 596,00 per kg",Red Curry Paste,50 g
18,asiatisk,indisk,"kr 37,80","kr 236,25 per kg",Tikka Masala Paste,160 g
19,asiatisk,indisk,"kr 57,80","kr 289,00 per kg",Nirus Tikka Masala Paste,200 g
20,asiatisk,indisk,"kr 34,40","kr 137,60 per kg",Nirus Mango & Lime Chutney,250 g
21,asiatisk,indisk,"kr 41,50","kr 207,50 per kg",Koriander Paste,200 g
22,asiatisk,indisk,"kr 37,40","kr 187,00 per kg",Nirus Curry Paste,200 g
23,asiatisk,indisk,"kr 49,50","kr 247,50 per kg",Nirus Korma Paste,200 g
24,asiatisk,indisk,"kr 53,90","kr 269,50 per kg",Butter Chicken,200 g
25,asiatisk,indisk,"kr 34,40","kr 137,60 per kg",Nirus Special Mango Chutney,250 g
26,asiatisk,indisk,"kr 41,10","kr 513,75 per kg",Chili Paste,80 g
27,asiatisk,indisk,"kr 21,40","kr 428,00 per kg",Raita Miks,50 g
28,asiatisk,indisk,"kr 15,80","kr 1975,00 per kg",Raita Spice Mix,8 g
29,asiatisk,indisk,"kr 41,50","kr 83,00 per kg",Nirus Kikertemel,500 g
30,asiatisk,indisk,"kr 51,80","kr 60,94 per kg",Mangopuré,850 g
31,asiatisk,indisk,"kr 41,10","kr 2055,00 per kg",Spisskummen,20 g
32,asiatisk,indisk,"kr 41,10","kr 2055,00 per kg",Muskatblomme,20 g
33,asiatisk,indisk,"kr 41,10","kr 1027,50 per kg",Kardemommekapsler,40 g
34,asiatisk,indisk,"kr 41,10","kr 41,10 per stk",Tørket Mynte,1 stk
35,asiatisk,indisk,"kr 41,10","kr 548,00 per kg",Sennepsfrø,75 g
36,asiatisk,indisk,"kr 36,80","kr 566,15 per kg",Munnoppfrisker,65 g
37,asiatisk,indisk,"kr 41,10","kr 822,00 per kg",Chaat Masala,50 g
38,asiatisk,indisk,"kr 41,10","kr 4110,00 per kg",Bukkhornkløver,10 g
39,asiatisk,indisk,"kr 41,10","kr 822,00 per kg",Fennikelfrø,50 g
40,asiatisk,indisk,"kr 76,40","kr 152,80 per kg",Dim Sum Reker,"20 stk, 500 g"
41,asiatisk,indisk,"kr 76,40","kr 152,80 per kg",Dim Sum Reker Shomai,20 stk
0,asiatisk,wok,"kr 29,10","kr 264,55 per kg",Red Curry Paste,110 g
1,asiatisk,wok,"kr 29,10","kr 264,55 per kg",Grønn Curry Paste,110 g
2,asiatisk,wok,"kr 47,40","kr 430,91 per kg",Yellow Curry Paste,110 g
3,asiatisk,wok,"kr 28,80","kr 576,00 per kg",Green Curry Paste,50 g
4,asiatisk,wok,"kr 29,80","kr 596,00 per kg",Red Curry Paste,50 g
5,asiatisk,wok,"kr 43,80","kr 230,53 per l",Rich Hoisin Sauce,190 ml
6,asiatisk,wok,"kr 42,80","kr 285,33 per l",Oyster Sauce 150ml,150 ml
7,asiatisk,wok,"kr 50,20","kr 167,33 per l",Teriyaki Sauce,300 ml
8,asiatisk,wok,"kr 33,40","kr 167,00 per l",Oyster Sauce,200 ml
9,asiatisk,wok,"kr 20,80","kr 173,33 per l",Chop Suey,"Woksaus, 120 ml"
10,asiatisk,wok,"kr 20,80","kr 173,33 per kg",Black Pepper,"Woksaus, 120 g"
11,asiatisk,wok,"kr 22,40","kr 186,67 per kg",Hoisin,"Woksaus, 120 g"
12,asiatisk,wok,"kr 20,20","kr 168,33 per kg",Woksaus Coconut & Lime,120 g
13,asiatisk,wok,"kr 18,80","kr 156,67 per kg",Oyster Spring Onion,"Woksaus, 120 g"
14,asiatisk,wok,"kr 19,90","kr 165,83 per kg",Sweet & Sour,"Woksaus, 120 g"
15,asiatisk,wok,"kr 17,80","kr 148,33 per kg",Teriyaki,"Woksaus, 120 g"
16,asiatisk,wok,"kr 21,40","kr 178,33 per kg",Sweet Chili,"Woksaus, 120 g"
17,asiatisk,wok,"kr 21,20","kr 141,33 per kg",Pad Thai Wok,150 g
18,asiatisk,wok,"kr 23,70","kr 158,00 per kg",Soy & Sweet Chili Wok,150 g
19,asiatisk,wok,"kr 21,40","kr 178,33 per kg",Soya Sesam Asian Naturals Woksaus,120 g
20,asiatisk,wok,"kr 21,40","kr 178,33 per kg",Woksaus Lemongrass,120 g
21,asiatisk,wok,"kr 53,80","kr 448,33 per kg",Panko Breadcrumbs,120 g
22,asiatisk,wok,"kr 66,70","kr 444,67 per kg",Tempura Mix,150 g
23,asiatisk,wok,"kr 25,80","kr 57,33 per kg",Sweet & Sour Original,450 g
24,asiatisk,wok,"kr 34,60","kr 144,17 per l",Sweet & Sour Wok,240 ml
25,asiatisk,wok,"kr 19,60","kr 39,20 per kg",Sweet & Sour Saus,500 g
26,asiatisk,wok,"kr 33,80","kr 140,83 per l",Teriyaki Wok,240 ml
27,asiatisk,wok,"kr 40,40","kr 168,33 per l",Soya Sesam Wok,240 ml
28,asiatisk,wok,"kr 34,60","kr 144,17 per l",Chili Hvitløk Wok,240 ml
29,asiatisk,wok,"kr 34,60","kr 144,17 per l",Red Curry Wok,240 ml
30,asiatisk,wok,"kr 34,60","kr 144,17 per l",Lemongrass Wok,240 ml
31,asiatisk,wok,"kr 41,10","kr 513,75 per kg",Chili Paste,80 g
32,asiatisk,wok,"kr 10,00","kr 55,56 per kg",Sweet & Sour Woksaus,180 g
33,asiatisk,wok,"kr 10,00","kr 55,56 per kg",Red Curry Woksaus,180 g
0,asiatisk,wokgronnsaker,"kr 31,00","kr 124,00 per kg",Wokmiks Premium,"Vasket,Norge, 250 g"
1,asiatisk,wokgronnsaker,"kr 41,50","kr 207,50 per kg",Stekemix med Aspargesbønner Gulrot & Løk,"Norge/ Marokko, 200 g"
2,asiatisk,wokgronnsaker,"kr 33,10","kr 132,40 per kg",Pak Choi Wokmiks,"Vasket, Norge/ Spania, 250 g"
3,asiatisk,wokgronnsaker,"kr 29,00","kr 145,00 per kg",Svartkål Wokmiks,"Vasket, Norge, 200 g"
4,asiatisk,wokgronnsaker,"kr 68,90","kr 81,06 per kg",Wok Classic Big Pack,850 g
5,asiatisk,wokgronnsaker,"kr 32,60","kr 65,20 per kg",Indisk-inspirert Wok,500 g
6,asiatisk,wokgronnsaker,"kr 37,00","kr 74,00 per kg",Thai-inspirert Wok,500 g
7,asiatisk,wokgronnsaker,"kr 26,70","kr 53,40 per kg",Klassisk Wokblanding,500 g
8,asiatisk,wokgronnsaker,"kr 16,00","kr 53,33 per kg",Aspargesbønner,"Fryst, 300 g"
9,asiatisk,wokgronnsaker,"kr 17,20","kr 38,22 per kg",Brokkolitopper,450 g
10,asiatisk,wokgronnsaker,"kr 32,10","kr 64,20 per kg",Krydret Bønneblanding,500 g
0,asiatisk,sushi,"kr 98,40","kr 328,00 per kg",Laks Midloin,300 g
1,asiatisk,sushi,"kr 64,80","kr 360,00 per kg",Laks Backloin,180 g
2,asiatisk,sushi,"kr 62,80","kr 330,53 per kg",Sushi Ingefær,190 g
3,asiatisk,sushi,"kr 60,30","kr 415,86 per kg",Sushi Ginger,145 g
4,asiatisk,sushi,"kr 33,80","kr 225,33 per l",Saitaku riseddik,150 ml
5,asiatisk,sushi,"kr 47,40","kr 316,00 per l",Soyasaus Ponzu Sitrus,150 ml
6,asiatisk,sushi,"kr 47,40","kr 316,00 per l",Riseddik,150 ml
7,asiatisk,sushi,"kr 41,60","kr 277,33 per l",Sushi Su,150 ml
8,asiatisk,sushi,"kr 59,80","kr 239,20 per l",Kikkoman Sushi & Sashimisaus,250 ml
9,asiatisk,sushi,"kr 49,80","kr 332,00 per l",Sushi Soyasaus,150 ml
10,asiatisk,sushi,"kr 27,30","kr 218,40 per kg",Sushi Salat Wakame,125 g
11,asiatisk,sushi,"kr 46,80","kr 4254,55 per kg",Sushi Nori,"5 ark, 11 g"
12,asiatisk,sushi,"kr 129,00","kr 516,00 per l",Arctic Ocean Salad,"Vingetang, 250 ml"
13,asiatisk,sushi,"kr 129,00","kr 516,00 per l",Spicy Seaspaghetti,"Knapptang, 250 ml"
14,asiatisk,sushi,"kr 61,70","kr 123,40 per kg",Sushiris,500 g
15,asiatisk,sushi,"kr 25,10","kr 62,75 per kg",Edamame,400 g
16,asiatisk,sushi,"kr 30,90","kr 3,86 per stk",Spisepinner,"8 par, 8 stk"
0,asiatisk,naan-og-papadums,"kr 17,70","kr 68,08 per kg",Naan Bread,260 g
1,asiatisk,naan-og-papadums,"kr 17,80","kr 68,46 per kg",Naan Bread Garlic,260 g
2,asiatisk,naan-og-papadums,"kr 31,80","kr 3,18 per stk",Papadums,110 g
3,asiatisk,naan-og-papadums,"kr 27,70","kr 79,14 per kg",Parata Brød,350 g
4,asiatisk,naan-og-papadums,"kr 76,40","kr 47,75 per kg",Rå Rotti brød,"25 stk, 1,6 kg"
5,asiatisk,naan-og-papadums,"kr 33,10","kr 137,92 per kg",Naanbrød Mini med Hvitløk & Koriander,"4 stk, 240 g"
6,asiatisk,naan-og-papadums,"kr 33,10","kr 137,92 per kg",Naanbrød Original Mini,"4 stk, 240 g"
7,asiatisk,naan-og-papadums,"kr 38,90","kr 149,62 per kg",Nirus Håndlagde Hvitløksnan,260 g
8,asiatisk,naan-og-papadums,"kr 36,80","kr 141,54 per kg",Nirus Håndlagde Nan,260 g
9,asiatisk,naan-og-papadums,"kr 28,80","kr 230,40 per kg",Papadam med Spisskummen,125 g
10,asiatisk,naan-og-papadums,"kr 32,20","kr 257,60 per kg",Nirus Papadam Orginal,125 g
0,asiatisk,soyasaus-og-chilisaus,"kr 123,50","kr 123,50 per l",Kikkoman Soyasaus,1 l
1,asiatisk,soyasaus-og-chilisaus,"kr 74,40","kr 148,80 per l",Soyasaus,500 ml
2,asiatisk,soyasaus-og-chilisaus,"kr 49,80","kr 332,00 per l",Sushi Soyasaus,150 ml
3,asiatisk,soyasaus-og-chilisaus,"kr 47,40","kr 316,00 per l",Soyasaus Ponzu Sitrus,150 ml
4,asiatisk,soyasaus-og-chilisaus,"kr 54,80","kr 219,20 per l",Soyasaus Glutenfri,250 ml
5,asiatisk,soyasaus-og-chilisaus,"kr 59,80","kr 239,20 per l",Kikkoman Sushi & Sashimisaus,250 ml
6,asiatisk,soyasaus-og-chilisaus,"kr 87,40","kr 349,60 per l",Soyasaus Økologisk,250 ml
7,asiatisk,soyasaus-og-chilisaus,"kr 41,50","kr 276,67 per l",Soyasaus Mindre Salt,150 ml
8,asiatisk,soyasaus-og-chilisaus,"kr 32,90","kr 219,33 per l",Kikkoman Soyasaus,150 ml
9,asiatisk,soyasaus-og-chilisaus,"kr 69,80","kr 465,33 per l",Sesamolje,150 ml
10,asiatisk,soyasaus-og-chilisaus,"kr 43,80","kr 230,53 per l",Rich Hoisin Sauce,190 ml
11,asiatisk,soyasaus-og-chilisaus,"kr 34,40","kr 229,33 per l",Fish Sauce,150 ml
12,asiatisk,soyasaus-og-chilisaus,"kr 50,20","kr 167,33 per l",Teriyaki Sauce,300 ml
13,asiatisk,soyasaus-og-chilisaus,"kr 33,40","kr 167,00 per l",Oyster Sauce,200 ml
14,asiatisk,soyasaus-og-chilisaus,"kr 42,80","kr 285,33 per l",Oyster Sauce 150ml,150 ml
15,asiatisk,soyasaus-og-chilisaus,"kr 65,40","kr 436,00 per l",Tamari Soyasaus,150 ml
16,asiatisk,soyasaus-og-chilisaus,"kr 56,80","kr 298,95 per l",Teriyaki Dipping Sauce,190 ml
17,asiatisk,soyasaus-og-chilisaus,"kr 75,80","kr 303,20 per l",Poke Sauce,250 ml
18,asiatisk,soyasaus-og-chilisaus,"kr 28,90","kr 222,31 per l",Ketjap Manis,"0,13 l"
19,asiatisk,soyasaus-og-chilisaus,"kr 37,50","kr 53,57 per l",Sweet Chili Saus,700 ml
20,asiatisk,soyasaus-og-chilisaus,"kr 55,70","kr 87,03 per l",Sweet Chillisaus,640 ml
21,asiatisk,soyasaus-og-chilisaus,"kr 23,40","kr 117,00 per l",Sweet Chili Sauce Ginger,200 ml
22,asiatisk,soyasaus-og-chilisaus,"kr 48,40","kr 254,74 per kg",Sweet Chilli og Ingefærsaus,190 g
23,asiatisk,soyasaus-og-chilisaus,"kr 28,80","kr 133,95 per l",Sriracha-Saus,215 ml
24,asiatisk,soyasaus-og-chilisaus,"kr 54,40","kr 125,06 per l",Sriracha,435 ml
25,asiatisk,soyasaus-og-chilisaus,"kr 49,80","kr 104,84 per l",Chilisaus Mindre Sukker,475 ml
26,asiatisk,soyasaus-og-chilisaus,"kr 48,80","kr 208,55 per kg",Sambal Oelek,234 g
27,asiatisk,soyasaus-og-chilisaus,"kr 28,80","kr 144,00 per kg",Sambal Oelek,200 g
28,asiatisk,soyasaus-og-chilisaus,"kr 33,30","kr 333,00 per kg",Chilipaste Sambal Oelek,100 g
29,asiatisk,soyasaus-og-chilisaus,"kr 15,70","kr 224,29 per kg",Harissa Chilipaste,70 g
30,asiatisk,soyasaus-og-chilisaus,"kr 19,90","kr 199,00 per kg",Døgnvill Chilisaus,100 g
0,asiatisk,ris-og-nudler,"kr 76,40","kr 152,80 per kg",Dim Sum Dumplings,20 stk
1,asiatisk,ris-og-nudler,"kr 38,90","kr 38,90 per kg",Middagsris,"Boil In Bag 8x125g, 1 kg"
2,asiatisk,ris-og-nudler,"kr 68,80","kr 513,43 per kg",Vårrull Wrap,"12 stk, 134 g"
3,asiatisk,ris-og-nudler,"kr 39,80","kr 79,60 per kg",Nirus Basmati Ris,500 g
4,asiatisk,ris-og-nudler,"kr 29,80","kr 298,00 per kg",Glassnudler,100 g
5,asiatisk,ris-og-nudler,"kr 61,70","kr 123,40 per kg",Sushiris,500 g
6,asiatisk,ris-og-nudler,"kr 28,40","kr 56,80 per kg",Basmatiris Løs,500 g
7,asiatisk,ris-og-nudler,"kr 56,20","kr 56,20 per kg",Basmatiris,"Boil-in-bag, 1 kg"
8,asiatisk,ris-og-nudler,"kr 35,90","kr 37,40 per kg",Jasminris Boil in Bag,"8 poser, 960 g"
9,asiatisk,ris-og-nudler,"kr 36,50","kr 36,50 per kg",Jasminris,"8x125g, Boil-in-bag, 1 kg"
10,asiatisk,ris-og-nudler,"kr 12,80","kr 51,20 per kg",Eggnudler,250 g
11,asiatisk,ris-og-nudler,"kr 40,00","kr 40,00 per kg",Fullkornsris,"Boil-in-bag 8x125g, 1 kg"
12,asiatisk,ris-og-nudler,"kr 51,20","kr 256,00 per kg",Hvetenudler Fullkorn,"Økologisk, 200 g"
13,asiatisk,ris-og-nudler,"kr 49,90","kr 12,48 per kg",Jasminris,4 kg
14,asiatisk,ris-og-nudler,"kr 44,90","kr 22,45 per kg",Jasminris,2 kg
15,asiatisk,ris-og-nudler,"kr 30,10","kr 15,05 per kg",Middagsris Ståpose,2 kg
16,asiatisk,ris-og-nudler,"kr 32,00","kr 177,78 per kg",Rice Noodles,180 g
17,asiatisk,ris-og-nudler,"kr 24,90","kr 45,27 per kg",Økologisk Jasminris,550 g
18,asiatisk,ris-og-nudler,"kr 50,00","kr 90,91 per kg",Økologisk Brun Basmatiris,550 g
19,asiatisk,ris-og-nudler,"kr 78,60","kr 78,60 per kg",Basmatiris Villris,"8 x 125g, Boil-in-bag, 1 kg"
20,asiatisk,ris-og-nudler,"kr 23,80","kr 119,00 per kg",Eggnudler,200 g
21,asiatisk,ris-og-nudler,"kr 16,10","kr 64,40 per kg",Fullkornsnudler,250 g
0,asiatisk,kokosmelk,"kr 19,00","kr 47,50 per l",Kokosmelk,400 ml
1,asiatisk,kokosmelk,"kr 17,10","kr 68,40 per l",Kokosmelk,250 ml
2,asiatisk,kokosmelk,"kr 18,60","kr 46,50 per l",Kokosmelk Lett,400 ml
3,asiatisk,kokosmelk,"kr 13,20","kr 80,00 per l",Kokosmelk Mini,165 ml
0,drikkevarer,mineralvann,"kr 19,90","kr 13,27 per l",Farris Bris Naturell,"1,5 l"
1,drikkevarer,mineralvann,"kr 19,90","kr 13,27 per l",Farris Naturell,"1,5 l"
2,drikkevarer,mineralvann,"kr 19,90","kr 39,80 per l",Farris Naturell,"0,5 l"
3,drikkevarer,mineralvann,"kr 19,90","kr 13,27 per l",Farris Bris Bringebær Limonade,"1,5 l"
4,drikkevarer,mineralvann,"kr 19,90","kr 13,27 per l",Farris Bris Jordbær & Kiwi,"1,5 l"
5,drikkevarer,mineralvann,"kr 19,90","kr 13,27 per l",Farris Bris Mango & Papaya,"1,5 l"
6,drikkevarer,mineralvann,"kr 19,90","kr 13,27 per l",Farris Bris Sitron & Sitrongress,"1,5 l"
7,drikkevarer,mineralvann,"kr 19,90","kr 13,27 per l",Farris Sitron,"1,5 l"
8,drikkevarer,mineralvann,"kr 19,90","kr 13,27 per l",Farris Lime,"1,5 l"
9,drikkevarer,mineralvann,"kr 19,90","kr 39,80 per l",Farris Bris Naturell,"0,5 l"
10,drikkevarer,mineralvann,"kr 172,40","kr 21,77 per l",Ramlösa Citrus,"24 x 0,33l, 7,92 l"
11,drikkevarer,mineralvann,"kr 172,40","kr 21,77 per l",Ramlösa Original,"24 x 0,33l, 7,92 l"
12,drikkevarer,mineralvann,"kr 13,00","kr 8,67 per l",Grans Taffel med Kullsyre,"1,5 l"
13,drikkevarer,mineralvann,"kr 13,00","kr 8,67 per l",Grans Taffel Med Lime,"1,5 l"
14,drikkevarer,mineralvann,"kr 13,00","kr 8,67 per l",Grans Taffel Eple,"1,5 l"
15,drikkevarer,mineralvann,"kr 13,40","kr 8,93 per l",Grans Taffel Fersken,"1,5 l"
16,drikkevarer,mineralvann,"kr 19,90","kr 39,80 per l",Farris Bris Sitron & Sitrongress,"0,5 l"
17,drikkevarer,mineralvann,"kr 19,90","kr 39,80 per l",Farris Bris Bringebær & Limonade,"0,5 l"
18,drikkevarer,mineralvann,"kr 19,90","kr 39,80 per l",Farris Bris Mango & Papaya,"0,5 l"
19,drikkevarer,mineralvann,"kr 19,90","kr 39,80 per l",Farris Bris Jordbær & Kiwi,"0,5 l"
20,drikkevarer,mineralvann,"kr 19,90","kr 39,80 per l",Farris Sitron,"0,5 l"
21,drikkevarer,mineralvann,"kr 19,90","kr 39,80 per l",Farris Lime,"0,5 l"
22,drikkevarer,mineralvann,"kr 20,60","kr 41,20 per l",Olden Stillvann,"0,5 l"
23,drikkevarer,mineralvann,"kr 13,80","kr 30,67 per l",Grans Taffel Stillvann,"0,45 l"
24,drikkevarer,mineralvann,"kr 29,80","kr 59,60 per l",Vitamin Well Antioxidant,"0,5 l"
25,drikkevarer,mineralvann,"kr 30,40","kr 60,80 per l",Vitamin Well Awake,"0,5 l"
26,drikkevarer,mineralvann,"kr 29,90","kr 59,80 per l",Vitamin Well Refresh,"Limonade, 0,5 l"
27,drikkevarer,mineralvann,"kr 23,30","kr 15,53 per l",Imsdal Vann,"1,5 l"
28,drikkevarer,mineralvann,"kr 17,40","kr 34,80 per l",Imsdal Vann,"0,5 l"
29,drikkevarer,mineralvann,"kr 23,80","kr 36,62 per l",Imsdal Vann,"0,65 l"
30,drikkevarer,mineralvann,"kr 19,40","kr 64,67 per l",Imsdal Vann Barn,"Med Sportscap, 0,3 l"
31,drikkevarer,mineralvann,"kr 30,40","kr 46,77 per l",Imsdal Sitron,"0 kalorier, 0,65 l"
32,drikkevarer,mineralvann,"kr 30,40","kr 46,77 per l",Imsdal Bringebær,"0 kalorier, 0,65 l"
33,drikkevarer,mineralvann,"kr 23,90","kr 36,77 per l",Imsdal Fersken,"0 kalorier, 0,65 l"
34,drikkevarer,mineralvann,"kr 22,00","kr 36,67 per l",Smartwater Stillvann,"0,6 l"
35,drikkevarer,mineralvann,"kr 23,60","kr 33,71 per l",Bonaqua Mango & Tea,"0,7 l"
36,drikkevarer,mineralvann,"kr 23,60","kr 33,71 per l",Bonaqua Sport Sitron,"0,7 l"
37,drikkevarer,mineralvann,"kr 27,00","kr 54,00 per l",YT Sportsdrikk,"Appelsin, 0,5 l"
38,drikkevarer,mineralvann,"kr 27,60","kr 5,52 per l",Norsk Vann,"Produsert av Telemark Kildevann, 5 l"
39,drikkevarer,mineralvann,"kr 7,00","kr 4,67 per l",Prima Vann med Kullsyre Naturell,"1,5 l"
40,drikkevarer,mineralvann,"kr 48,90","kr 148,18 per l",Grønn T Kombucha,"Økologisk, 0,33 l"
41,drikkevarer,mineralvann,"kr 47,90","kr 145,15 per l",Økologisk Ging Kong Ingerfærøl,"0,33 l"
42,drikkevarer,mineralvann,"kr 47,90","kr 145,15 per l",Økologisk Indian Tonic,"0,33 l"
43,drikkevarer,mineralvann,"kr 48,90","kr 148,18 per l",So Long Kombucha,"Økologisk, 0,33 l"
44,drikkevarer,mineralvann,"kr 49,90","kr 151,21 per l",Ginger Bell Ingerfærøl,"0,33 l"
0,drikkevarer,brus,"kr 113,30","kr 57,22 per l",Hamar Julebrus,"6 x 0,33l, 1,98 l"
1,drikkevarer,brus,"kr 113,30","kr 57,22 per l",Hamar Julebrus Lett,"6 x 0,33l, 1,98 l"
2,drikkevarer,brus,"kr 38,80","kr 25,87 per l",Hamar Julebrus,"1,5 l"
3,drikkevarer,brus,"kr 45,00","kr 30,00 per l",Dahls Julebrus,"1,5 l"
4,drikkevarer,brus,"kr 23,80","kr 47,60 per l",Ringnes Julebrus,"0,5 l"
5,drikkevarer,brus,"kr 107,30","kr 54,19 per l",Aass Julebrus,"6 x 0,33l, 1,98 l"
6,drikkevarer,brus,"kr 114,50","kr 57,83 per l",Hansa Julebrus,"6 x 0,33l, 1,98 l"
7,drikkevarer,brus,"kr 8,90","kr 5,93 per l",Julebrus X,"Uten Tilsatt Sukker, 1,5 l"
8,drikkevarer,brus,"kr 9,90","kr 6,60 per l",Julebrus,"1,5 l"
9,drikkevarer,brus,"kr 39,90","kr 120,91 per l",Egge Julebrus,"0,33 l"
10,drikkevarer,brus,"kr 107,90","kr 17,98 per l",Pepsi Max,"4 x 1,5l, 6 l"
11,drikkevarer,brus,"kr 49,90","kr 37,80 per l",Pepsi Max,"4 x 0,33l, 1,32 l"
12,drikkevarer,brus,"kr 107,90","kr 17,98 per l",Coca-Cola Uten Sukker,"4 X 1,5l, 6 l"
13,drikkevarer,brus,"kr 114,90","kr 19,15 per l",Coca-Cola,"4 x 1,5 l, 6 l"
14,drikkevarer,brus,"kr 63,70","kr 19,30 per l",Coca-Cola Uten Sukker,"10 x 0,33l, 3,3 l"
15,drikkevarer,brus,"kr 73,70","kr 22,33 per l",Coca-Cola,"10 x 0,33l, 3,3 l"
16,drikkevarer,brus,"kr 56,90","kr 43,11 per l",Coca-Cola Uten Sukker,"4 x 0,33l, 1,32 l"
17,drikkevarer,brus,"kr 49,90","kr 37,80 per l",Pepsi Max Lime,"4 x 0,33l, 1,32 l"
18,drikkevarer,brus,"kr 36,40","kr 24,27 per l",Pepsi Max Lime,"1,5 l"
19,drikkevarer,brus,"kr 149,90","kr 16,66 per l",Pepsi Max,"6 x 1,5l, 9 l"
20,drikkevarer,brus,"kr 32,20","kr 21,47 per l",Pepsi Max,"1,5 l"
21,drikkevarer,brus,"kr 36,60","kr 24,40 per l",Pepsi,"1,5 l"
22,drikkevarer,brus,"kr 83,80","kr 41,90 per l",Pepsi Max,"4 x 0,5l, 2 l"
23,drikkevarer,brus,"kr 33,90","kr 22,60 per l",Coca-Cola,"1,5 l"
24,drikkevarer,brus,"kr 36,80","kr 24,53 per l",Coca-Cola Uten Sukker,"1,5 l"
25,drikkevarer,brus,"kr 29,50","kr 59,00 per l",Coca-Cola Lemon,"0,5 l"
26,drikkevarer,brus,"kr 27,90","kr 55,80 per l",Coca-Cola Uten Sukker,"Lemon, 0,5 l"
27,drikkevarer,brus,"kr 57,40","kr 43,48 per l",Coca-Cola Regular,"4 x 0,33l, 1,32 l"
28,drikkevarer,brus,"kr 36,90","kr 24,60 per l",Fanta Orange,"1,5 l"
29,drikkevarer,brus,"kr 35,60","kr 23,73 per l",Solo,"1,5 l"
30,drikkevarer,brus,"kr 34,40","kr 22,93 per l",Solo Super Rabarbra & Bringebær,"1,5 l"
31,drikkevarer,brus,"kr 34,70","kr 23,13 per l",Solo Super,"1,5 l"
32,drikkevarer,brus,"kr 49,90","kr 37,80 per l",Solo Super Boks,"4 x 0,33l, 1,32 l"
33,drikkevarer,brus,"kr 49,90","kr 37,80 per l",Solo,"4 x 0,33l, 1,32 l"
34,drikkevarer,brus,"kr 118,80","kr 36,00 per l",Urge,"10 x 0,33l, 3,3 l"
35,drikkevarer,brus,"kr 56,80","kr 43,03 per l",Urge Boks,"4 x 0,33l, 1,32 l"
36,drikkevarer,brus,"kr 37,80","kr 25,20 per l",Urge,"1,5 l"
37,drikkevarer,brus,"kr 49,90","kr 37,80 per l",7UP Free,"4 x 0,33l, 1,32 l"
38,drikkevarer,brus,"kr 30,00","kr 90,91 per l",Tøyen-Cola,"0,33 l"
39,drikkevarer,brus,"kr 35,60","kr 23,73 per l",Coca-Cola Light,"1,5 l"
40,drikkevarer,brus,"kr 37,80","kr 25,20 per l",Fanta Exotic,"1,5 l"
41,drikkevarer,brus,"kr 27,30","kr 91,00 per l",Solo,"Glassflaske, 0,3 l"
42,drikkevarer,brus,"kr 16,80","kr 50,91 per l",Coca-Cola,"Glassflaske, 0,33 l"
43,drikkevarer,brus,"kr 16,80","kr 50,91 per l",Coca-Cola Uten Sukker,"Glassflaske, 0,33 l"
44,drikkevarer,brus,"kr 24,50","kr 16,33 per l",Singo,"1,5 l"
45,drikkevarer,brus,"kr 37,00","kr 24,67 per l",Sprite,"1,5 l"
46,drikkevarer,brus,"kr 39,00","kr 26,00 per l",7UP,"1,5 l"
47,drikkevarer,brus,"kr 35,90","kr 23,93 per l",7UP Free,"1,5 l"
48,drikkevarer,brus,"kr 37,40","kr 24,93 per l",Mozell Light,"Pære & Rips, 1,5 l"
49,drikkevarer,brus,"kr 37,40","kr 24,93 per l",Mozell Eple & Drue,"1,5 l"
50,drikkevarer,brus,"kr 36,40","kr 24,27 per l",Mozell Light,"Eple & Drue, 1,5 l"
51,drikkevarer,brus,"kr 37,40","kr 24,93 per l",Villa,"1,5 l"
52,drikkevarer,brus,"kr 36,40","kr 24,27 per l",Ingefærøl,"1,5 l"
53,drikkevarer,brus,"kr 46,60","kr 31,07 per l",Borg Ingefærøl,"1,5 l"
54,drikkevarer,brus,"kr 24,80","kr 16,53 per l",Champ,"1,5 l"
55,drikkevarer,brus,"kr 26,70","kr 17,80 per l",Cider Eple & Drue,"1,5 l"
56,drikkevarer,brus,"kr 23,00","kr 15,33 per l",Cola X,"Uten Tilsatt Sukker, 1,5 l"
57,drikkevarer,brus,"kr 24,80","kr 16,53 per l",Cola Classic,"1,5 l"
58,drikkevarer,brus,"kr 25,60","kr 17,07 per l",Siesta,"1,5 l"
59,drikkevarer,brus,"kr 24,50","kr 16,33 per l",Siesta X,"Uten Tilsatt Sukker, 1,5 l"
60,drikkevarer,brus,"kr 36,80","kr 36,80 per l",Tonic,1 l
61,drikkevarer,brus,"kr 36,80","kr 36,80 per l",Lemon,1 l
62,drikkevarer,brus,"kr 24,60","kr 49,20 per l",Coca-Cola Uten Sukker,"0,5 l"
63,drikkevarer,brus,"kr 25,60","kr 51,20 per l",Coca-Cola,"0,5 l"
64,drikkevarer,brus,"kr 25,00","kr 50,00 per l",Coca-Cola Light,"0,5 l"
65,drikkevarer,brus,"kr 24,80","kr 49,60 per l",Pepsi Max Lime,"0,5 l"
66,drikkevarer,brus,"kr 25,90","kr 51,80 per l",Pepsi,"0,5 l"
67,drikkevarer,brus,"kr 25,00","kr 50,00 per l",Solo,"0,5 l"
68,drikkevarer,brus,"kr 24,80","kr 49,60 per l",Solo Super,"0,5 l"
69,drikkevarer,brus,"kr 22,40","kr 44,80 per l",Solo Super Rabarbra & Bringebær,"0,5 l"
70,drikkevarer,brus,"kr 25,80","kr 51,60 per l",Fanta Orange,"0,5 l"
0,drikkevarer,juice,"kr 66,70","kr 66,70 per l",Appelsinjuice 100%,1 l
1,drikkevarer,juice,"kr 66,70","kr 66,70 per l",Eplejuice 100%,1 l
2,drikkevarer,juice,"kr 45,40","kr 45,40 per l",Rå Pressede Appelsiner,1 l
3,drikkevarer,juice,"kr 45,40","kr 45,40 per l",Rå Kaldpresset Eplejuice,1 l
4,drikkevarer,juice,"kr 139,00","kr 46,33 per l",Kaldpresset Eplejuice,"Bag in Box, 3 l"
5,drikkevarer,juice,"kr 32,20","kr 128,80 per l",Orango,"100% Appelsin, 250 ml"
6,drikkevarer,juice,"kr 54,70","kr 36,47 per l",Appelsinjuice Med Fruktkjøtt Original,"1,5 l"
7,drikkevarer,juice,"kr 55,40","kr 36,93 per l",Smooth Style Appelsinjuice,"1,5 l"
8,drikkevarer,juice,"kr 69,20","kr 92,27 per l",Eplemost Discovery/Aroma,"0,75 l"
9,drikkevarer,juice,"kr 40,80","kr 43,87 per l",Eplejuice Presset,"Pink Lady, 0,93 l"
10,drikkevarer,juice,"kr 29,00","kr 29,00 per l",Appelsinjuice Rød Appelsin,"Økologisk, 1 l"
11,drikkevarer,juice,"kr 32,00","kr 32,00 per l",Eple og Ingefærjuice,1 l
12,drikkevarer,juice,"kr 21,80","kr 21,80 per l",Eplejuice Cloudy,1 l
13,drikkevarer,juice,"kr 37,80","kr 37,80 per l",Presset Eplejuice,"Fra Hardanger, 1 l"
14,drikkevarer,juice,"kr 24,10","kr 24,10 per l",Juice Med Granateple & Drue,1 l
15,drikkevarer,juice,"kr 29,80","kr 29,80 per l","Juice Drue, Eple & Blåbær","fra konsentrat, 1 l"
16,drikkevarer,juice,"kr 41,80","kr 27,87 per l",Appelsinjuice Med Fruktkjøtt Premium,"1,5 l"
17,drikkevarer,juice,"kr 24,90","kr 16,60 per l",Appelsinjuice,"1,5 l"
18,drikkevarer,juice,"kr 24,00","kr 16,00 per l",Eplejuice,"1,5 l"
19,drikkevarer,juice,"kr 23,00","kr 15,33 per l",Frokostjuice,"1,5 l"
20,drikkevarer,juice,"kr 24,90","kr 16,60 per l",Tropisk Juice,"1,5 l"
21,drikkevarer,juice,"kr 37,10","kr 21,20 per l",Original Eplejuice,"1,75 l"
22,drikkevarer,juice,"kr 22,80","kr 22,80 per l",Orginal Eplejuice,1 l
23,drikkevarer,juice,"kr 19,10","kr 76,40 per l",Sunniva Original Eplejuice,250 ml
24,drikkevarer,juice,"kr 41,00","kr 23,43 per l",Original Appelsinjuice,"1,75 l"
25,drikkevarer,juice,"kr 22,80","kr 22,80 per l",Appelsinjuice,1 l
26,drikkevarer,juice,"kr 41,90","kr 23,94 per l",Original Appelsinjuice,"Med Fruktkjøtt, 1,75 l"
27,drikkevarer,juice,"kr 22,80","kr 22,80 per l",Sunniva Original Appelsinjuice,"Med Fruktkjøtt, 1 l"
28,drikkevarer,juice,"kr 25,80","kr 25,80 per l",Premium Appelsinjuice,"Med fruktkjøtt, 1 l"
29,drikkevarer,juice,"kr 20,10","kr 80,40 per l",Sunniva Original Appelsinjuice,250 ml
30,drikkevarer,juice,"kr 45,90","kr 26,23 per l",Sunniva Original Tropisk,"1,75 l"
31,drikkevarer,juice,"kr 32,40","kr 32,40 per l",Eplejuice Premium,"Sydtyrol-epler, 1 l"
32,drikkevarer,juice,"kr 38,80","kr 38,80 per l",Presset Grapefrukt & Appelsinjuice Premium,1 l
33,drikkevarer,juice,"kr 32,80","kr 32,80 per l",Premium Mango Eple Juice,1 l
34,drikkevarer,juice,"kr 36,80","kr 36,80 per l","Supri med Eple, Gulrot, Bringebær & Sitron","32% Grønnsaker, 1 l"
35,drikkevarer,juice,"kr 42,70","kr 28,47 per l",Eplejuice,"1,5 l"
36,drikkevarer,juice,"kr 39,90","kr 26,60 per l",Light Eplenektar,"1,5 l"
37,drikkevarer,juice,"kr 84,00","kr 112,00 per l",Ananasjuice,"Økologisk, 0,75 l"
38,drikkevarer,juice,"kr 50,20","kr 66,93 per l",Rødbetejuice,"0,75 l"
39,drikkevarer,juice,"kr 54,60","kr 72,80 per l",Helios Gulrotjuice m+,"0,75 l"
40,drikkevarer,juice,"kr 77,80","kr 103,73 per l",Grapefruktjuice,"Økologisk, 0,75 l"
41,drikkevarer,juice,"kr 64,90","kr 86,53 per l",Grønnsaksjuice M+,"Økologisk, 0,75 l"
42,drikkevarer,juice,"kr 39,90","kr 159,60 per l",Økologisk Eplemost,"0,25 l"
43,drikkevarer,juice,"kr 48,80","kr 48,80 per l",Montauk Cranberry,"Tranebærjuice, 1 l"
44,drikkevarer,juice,"kr 58,40","kr 58,40 per l",Tranebærjuice Light,1 l
45,drikkevarer,juice,"kr 58,40","kr 58,40 per l",Tranebærjuice,1 l
46,drikkevarer,juice,"kr 12,90","kr 12,90 per l",Eplejuice Prima,1 l
47,drikkevarer,juice,"kr 11,10","kr 11,10 per l",Appelsinjuice,1 l
48,drikkevarer,juice,"kr 34,90","kr 139,60 per l",Økologisk Eplemost,"Av Discovery epler, 250 ml"
49,drikkevarer,juice,"kr 25,90","kr 78,48 per l",Tou Eplemost,"0,33 l"
50,drikkevarer,juice,"kr 24,60","kr 74,55 per l",Mozell Eplemost,"0,33 l"
51,drikkevarer,juice,"kr 74,90","kr 99,87 per l",Krydret Tomatjuice,"0,75 l"
0,drikkevarer,smoothie,"kr 76,40","kr 84,89 per l","Smoothie Jordbær, Banan & Guava","6 x 150ml, 900 ml"
1,drikkevarer,smoothie,"kr 76,40","kr 84,89 per l",Smoothie Mango & Appelsin,"6 x 150ml, 900 ml"
2,drikkevarer,smoothie,"kr 77,90","kr 86,56 per l",Smoothie Fersken & Pasjonsfrukt,"6 x 150ml, 900 ml"
3,drikkevarer,smoothie,"kr 46,80","kr 62,40 per l",Smoothie Mango & Appelsin,750 ml
4,drikkevarer,smoothie,"kr 46,80","kr 62,40 per l",Smoothie Blåbær & Bringebær,750 ml
5,drikkevarer,smoothie,"kr 47,40","kr 63,20 per l","Smoothie Jordbær, Banan & Guava",750 ml
6,drikkevarer,smoothie,"kr 46,80","kr 62,40 per l","Smoothie Ananas, Banan & Kokos",750 ml
7,drikkevarer,smoothie,"kr 47,40","kr 63,20 per l",Smoothie Fersken & pasjonsfrukt,750 ml
8,drikkevarer,smoothie,"kr 24,20","kr 96,80 per l","Smoothie Ananas, Banan & Kokos",250 ml
9,drikkevarer,smoothie,"kr 24,20","kr 96,80 per l",Smoothie Gulrot & Ingefær,250 ml
10,drikkevarer,smoothie,"kr 24,20","kr 96,80 per l",Smoothie Blåbær & Bringebær,250 ml
11,drikkevarer,smoothie,"kr 24,20","kr 96,80 per l","Smoothie Jordbær, Banan & Guava",250 ml
12,drikkevarer,smoothie,"kr 24,20","kr 96,80 per l",Smoothie Mango & Appelsin,250 ml
13,drikkevarer,smoothie,"kr 25,10","kr 125,50 per l",Rå Orange Smoothie,200 ml
14,drikkevarer,smoothie,"kr 44,20","kr 176,80 per l",Smoothie,"Red Mango, 250 ml"
15,drikkevarer,smoothie,"kr 44,20","kr 176,80 per l",Smoothie,"Mango, 250 ml"
0,drikkevarer,saft,"kr 41,80","kr 52,25 per l",Lemon Lime,"0,8 l"
1,drikkevarer,saft,"kr 43,80","kr 54,75 per l",Rhubarb Passion,"0,8 l"
2,drikkevarer,saft,"kr 41,80","kr 52,25 per l",Cloudy Apple,"0,8 l"
3,drikkevarer,saft,"kr 42,40","kr 53,00 per l",Fun Light Mandarin Madness,"0,8 l"
4,drikkevarer,saft,"kr 42,70","kr 53,38 per l",Fun Light Bringebær,"0,8 l"
5,drikkevarer,saft,"kr 37,90","kr 47,38 per l",Fun Light Fruktfest,"0,8 l"
6,drikkevarer,saft,"kr 39,80","kr 49,75 per l",Villbringebær,"0,8 l"
7,drikkevarer,saft,"kr 37,60","kr 47,00 per l",Sitron & Lime,"0,8 l"
8,drikkevarer,saft,"kr 41,40","kr 51,75 per l",Orange & Golden Berry,"0,8 l"
9,drikkevarer,saft,"kr 39,80","kr 49,75 per l",Strawberry & Red Orange,"0,8 l"
10,drikkevarer,saft,"kr 42,80","kr 53,50 per l",Green Apple & Passionfruit,"0,8 l"
11,drikkevarer,saft,"kr 41,40","kr 51,75 per l",Pineapple,"0,8 l"
12,drikkevarer,saft,"kr 44,20","kr 55,25 per l",Fruit Fusion,"0,8 l"
13,drikkevarer,saft,"kr 42,80","kr 53,50 per l",Fun Light Ice Tea Peach,"0,8 l"
14,drikkevarer,saft,"kr 41,00","kr 51,25 per l",Fun Light Strawberry Passion,"0,8 l"
15,drikkevarer,saft,"kr 42,80","kr 53,50 per l",Ginger Apple,"0,8 l"
16,drikkevarer,saft,"kr 39,40","kr 49,25 per l",Fun Light Appelsin,"0,8 l"
17,drikkevarer,saft,"kr 48,00","kr 53,33 per l",Appelsinsaft,"Uten Tilsatt Sukker, 0,9 l"
18,drikkevarer,saft,"kr 59,50","kr 44,07 per l",Lerum Appelsinsaft,"1,35 l"
19,drikkevarer,saft,"kr 28,70","kr 31,89 per l",Husholdningssaft,"Uten tilsatt sukker, 0,9 l"
20,drikkevarer,saft,"kr 36,00","kr 26,67 per l",Husholdningssaft,"1,35 l"
21,drikkevarer,saft,"kr 63,10","kr 46,74 per l",Husholdningssaft,"Uten tilsatt sukker, 1,35 l"
22,drikkevarer,saft,"kr 39,80","kr 53,07 per l",Bringebærsirup,"0,75 l"
23,drikkevarer,saft,"kr 46,80","kr 66,86 per l",Rips & Bringebærsaft,"0,7 l"
24,drikkevarer,saft,"kr 65,80","kr 94,00 per l",Blåbærsaft,"0,7 l"
25,drikkevarer,saft,"kr 30,70","kr 40,93 per l",Solbærsirup,"0,75 l"
26,drikkevarer,saft,"kr 51,70","kr 34,47 per l",Lerum Solbærsirup,"1,5 l"
27,drikkevarer,saft,"kr 50,40","kr 56,00 per l",Skogsbærsaft,"Uten Tilsatt Sukker, 0,9 l"
28,drikkevarer,saft,"kr 45,80","kr 50,89 per l",Eple & Pæresaft,"Uten Tilsatt Sukker, 0,9 l"
29,drikkevarer,saft,"kr 46,40","kr 66,29 per l",Sitron & Limesaft,"0,7 l"
30,drikkevarer,saft,"kr 66,40","kr 37,94 per l",Husholdningssaft Med Solbær,"1,75 l"
31,drikkevarer,saft,"kr 15,00","kr 10,00 per l",Appelsinsaft,"1,5 l"
32,drikkevarer,saft,"kr 27,20","kr 18,13 per l",Husholdningssaft,"1,5 l"
33,drikkevarer,saft,"kr 73,40","kr 73,40 per l",Tomtegløgg,1 l
34,drikkevarer,saft,"kr 28,60","kr 38,13 per l",Appelsin,"3 stk, 0,75 l"
35,drikkevarer,saft,"kr 28,60","kr 38,13 per l",Appelsin & Jordbær,"3 stk, 0,75 l"
36,drikkevarer,saft,"kr 13,80","kr 55,20 per l",Solrik Jordbær & Appelsin,"Lett, 0,25 l"
37,drikkevarer,saft,"kr 13,80","kr 55,20 per l",Solrik Appelsin Lett,"0,25 l"
38,drikkevarer,saft,"kr 14,80","kr 74,00 per l",Kuli Appelsin,"0,2 l"
39,drikkevarer,saft,"kr 14,80","kr 74,00 per l",Kuli Eple,"0,2 l"
40,drikkevarer,saft,"kr 17,10","kr 68,40 per l",Sprett Epledrikk,250 ml
41,drikkevarer,saft,"kr 17,10","kr 68,40 per l",Sprett Tropisk drikk,250 ml
42,drikkevarer,saft,"kr 109,00","kr 145,33 per l",Økologisk Hylleblomstsaft,"Drikkeklar, 0,75 l"
43,drikkevarer,saft,"kr 119,00","kr 170,00 per l",Økologisk Bringebærsaft,700 ml
44,drikkevarer,saft,"kr 39,90","kr 159,60 per l",Økologisk Blåbærdrikk,"0,25 l"
45,drikkevarer,saft,"kr 39,90","kr 159,60 per l",Økologisk Hylleblomstdrikk,"0,25 l"
46,drikkevarer,saft,"kr 39,90","kr 159,60 per l",Økologisk Ripsdrikk,250 ml
47,drikkevarer,saft,"kr 39,90","kr 159,60 per l",Økologisk Kirsbærdrikk,250 ml
48,drikkevarer,saft,"kr 39,90","kr 159,60 per l",Økologisk Plommedrikk,250 ml
49,drikkevarer,saft,"kr 39,90","kr 159,60 per l",Økologisk Rabarbradrikk,"0,25 l"
50,drikkevarer,saft,"kr 39,90","kr 159,60 per l",Økologisk Solbærdrikk,250 ml
51,drikkevarer,saft,"kr 139,00","kr 370,67 per l",Økologisk Rabarbra og Hylleblomstsaft,375 ml
52,drikkevarer,saft,"kr 45,60","kr 91,20 per l",Tomtegløgg Original,500 ml
53,drikkevarer,saft,"kr 88,90","kr 88,90 per l",Tomtegløgg Krydder,1 l
0,drikkevarer,iste,"kr 22,40","kr 44,80 per l",Iste Fersken,"0,5 l"
1,drikkevarer,iste,"kr 21,40","kr 42,80 per l",Iste Original Zero,"0,5 l"
2,drikkevarer,iste,"kr 22,40","kr 44,80 per l",Iste Lime,"0,5 l"
3,drikkevarer,iste,"kr 28,50","kr 57,00 per l",Iste Guava,"0,5 l"
4,drikkevarer,iste,"kr 31,10","kr 62,20 per l",Lipton Peach Ice Tea,"0,5 l"
5,drikkevarer,iste,"kr 29,50","kr 59,00 per l",Lemon Zero Ice Tea,"0,5 l"
6,drikkevarer,iste,"kr 29,70","kr 59,40 per l",Lipton Ice Tea Mango,"0,5 l"
7,drikkevarer,iste,"kr 29,70","kr 59,40 per l",Lipton Ice Tea Lemon,"0,5 l"
8,drikkevarer,iste,"kr 33,10","kr 22,07 per l",Iste Fersken,"1,5 l"
9,drikkevarer,iste,"kr 35,90","kr 23,93 per l",Iste Sitron,"1,5 l"
10,drikkevarer,iste,"kr 29,40","kr 19,60 per l",Iste Fersken,"1,5 l"
11,drikkevarer,iste,"kr 28,40","kr 18,93 per l",Iste Fersken X,"1,5 l"
12,drikkevarer,iste,"kr 42,80","kr 53,50 per l",Fun Light Ice Tea Peach,"0,8 l"
0,drikkevarer,iskaffe,"kr 13,90","kr 42,12 per l",IsKaffe Salty Caramel,"Uten Tilsatt Sukker, 330 ml"
1,drikkevarer,iskaffe,"kr 13,90","kr 42,12 per l",IsKaffe Latte Zero,"Uten Tilsatt Sukker, 330 ml"
2,drikkevarer,iskaffe,"kr 13,90","kr 42,12 per l",Iskaffe Cappuccino Zero,"Uten Tilsatt Sukker, 0,33 l"
3,drikkevarer,iskaffe,"kr 13,90","kr 42,12 per l",IsKaffe Brasil,"0,33 l"
4,drikkevarer,iskaffe,"kr 13,90","kr 42,12 per l",IsKaffe Caffe Mocca,330 ml
5,drikkevarer,iskaffe,"kr 13,90","kr 42,12 per l",Iskaffe Cappuccino,"0,33 l"
6,drikkevarer,iskaffe,"kr 46,80","kr 46,80 per l",IsKaffe Cappuccino,1 l
7,drikkevarer,iskaffe,"kr 36,70","kr 327,68 per kg",Ice Coffee,"8 stk, 112 g"
8,drikkevarer,iskaffe,"kr 21,80","kr 99,09 per l",Cappuccino,220 ml
9,drikkevarer,iskaffe,"kr 21,80","kr 99,09 per l",Caramel Macchiato,220 ml
10,drikkevarer,iskaffe,"kr 20,80","kr 83,20 per l",Iskaffe Cappuccino,"2,5 dl"
11,drikkevarer,iskaffe,"kr 17,80","kr 71,20 per l",Iskaffe Latte,"2,5 dl"
0,drikkevarer,energidrikk,"kr 19,90","kr 39,80 per l",Battery Energidrikk,"0,5 l"
1,drikkevarer,energidrikk,"kr 24,90","kr 49,80 per l",Battery No Calorie,"0,5 l"
2,drikkevarer,energidrikk,"kr 81,20","kr 61,52 per l",Battery Energy Drink,"4 x 0,33l, 1,32 l"
3,drikkevarer,energidrikk,"kr 24,40","kr 48,80 per l",Battery Remix,"0,5 l"
4,drikkevarer,energidrikk,"kr 16,90","kr 51,21 per l",Battery Raspberry,"No Calories, 0,33 l"
5,drikkevarer,energidrikk,"kr 16,90","kr 51,21 per l",Battery Green Apple,"No Calories, 0,33 l"
6,drikkevarer,energidrikk,"kr 22,90","kr 45,80 per l",Battery FRSH,"0,5 l"
7,drikkevarer,energidrikk,"kr 22,90","kr 45,80 per l",Battery PeachBRRY,"0,5 l"
8,drikkevarer,energidrikk,"kr 16,90","kr 42,25 per l",Battery Energy Drink,"0,4 l"
9,drikkevarer,energidrikk,"kr 21,80","kr 87,20 per l",Red Bull Sugar Free,"0,25 l"
10,drikkevarer,energidrikk,"kr 21,40","kr 85,60 per l",Red Bull,"0,25 l"
11,drikkevarer,energidrikk,"kr 22,90","kr 91,60 per l",Red Bull Peach Edition,"0,25 l"
12,drikkevarer,energidrikk,"kr 19,40","kr 77,60 per l",Coke Energy,250 ml
13,drikkevarer,energidrikk,"kr 19,40","kr 77,60 per l",Coke Energy,"Uten Sukker, 0,25 l"
14,drikkevarer,energidrikk,"kr 28,00","kr 56,00 per l",Burn Original,"0,5 l"
15,drikkevarer,energidrikk,"kr 31,80","kr 96,36 per l",Miami Strawberry,"0,33 l"
16,drikkevarer,energidrikk,"kr 31,50","kr 95,45 per l",Nocco Limón Del Sol,"0,33 l"
17,drikkevarer,energidrikk,"kr 28,80","kr 87,27 per l",Nocco Focus Cola,"0,33 l"
18,drikkevarer,energidrikk,"kr 38,00","kr 76,00 per l",Gatorade Cool Blue,"0,5 l"
19,drikkevarer,energidrikk,"kr 77,80","kr 77,80 per l",Red Bull,"4x0,25ltr, 1 l"
20,drikkevarer,energidrikk,"kr 36,40","kr 76,96 per l",Red Bull Regular,473 ml
21,drikkevarer,energidrikk,"kr 35,80","kr 75,69 per l",Red Bull,"Sukkerfri, 473 ml"
22,drikkevarer,energidrikk,"kr 22,80","kr 91,20 per l",Red Bull Yellow Edition,"Tropical, 0,25 l"
23,drikkevarer,energidrikk,"kr 26,00","kr 52,00 per l",Monster Ultra White,"0,5 l"
24,drikkevarer,energidrikk,"kr 24,80","kr 49,60 per l",Monster Energy,"0,5 l"
25,drikkevarer,energidrikk,"kr 27,10","kr 54,20 per l",Monster Mango Loco,"0,5 l"
26,drikkevarer,energidrikk,"kr 28,00","kr 56,00 per l",Monster Rossi,"0,5 l"
27,drikkevarer,energidrikk,"kr 18,30","kr 73,20 per l",Day & Nite,250 ml
28,drikkevarer,energidrikk,"kr 26,70","kr 53,40 per l",Powerade Mountain Blast,"0,5 l"
29,drikkevarer,energidrikk,"kr 29,80","kr 90,30 per l",Propud Milkshake Chocolate,"0,33 l"
30,drikkevarer,energidrikk,"kr 24,80","kr 75,15 per l",Yt Restitusjonsdrikk Kakao,330 ml
31,drikkevarer,energidrikk,"kr 27,00","kr 54,00 per l",YT Sportsdrikk,"Appelsin, 0,5 l"
32,drikkevarer,energidrikk,"kr 33,10","kr 165,50 per l",Smartfish High Protein,"Sportsdrikk, 200 ml"
0,varme-drikker,kaffe,"kr 68,50","kr 137,00 per kg",Frokostkaffe,"Filtermalt, 500 g"
1,varme-drikker,kaffe,"kr 37,80","kr 151,20 per kg",Frokostkaffe,"Filtermalt, 250 g"
2,varme-drikker,kaffe,"kr 78,60","kr 157,20 per kg",Frokostkaffe,"Hele bønner, 500 g"
3,varme-drikker,kaffe,"kr 38,70","kr 154,80 per kg",Frokostkaffe,"Presskanne, 250 g"
4,varme-drikker,kaffe,"kr 43,50","kr 174,00 per kg",Friele Frokostkaffe Mørkbrent,"Filtermalt, 250 g"
5,varme-drikker,kaffe,"kr 45,60","kr 182,40 per kg",Frokostkaffe Koffeinfri,"Filtermalt, 250 g"
6,varme-drikker,kaffe,"kr 35,90","kr 143,60 per kg",Frokostkaffe,"Kokmalt, 250 g"
7,varme-drikker,kaffe,"kr 56,40","kr 112,80 per kg",Original Filtermalt Kaffe,500 g
8,varme-drikker,kaffe,"kr 29,20","kr 116,80 per kg",Original Filtermalt Kaffe,250 g
9,varme-drikker,kaffe,"kr 36,40","kr 145,60 per kg",Original Kaffe Presskanne,250 g
10,varme-drikker,kaffe,"kr 40,20","kr 160,80 per kg",Fairtrade Kaffe Filtermalt,"Økologisk, 250 g"
11,varme-drikker,kaffe,"kr 40,20","kr 178,67 per kg",Fairtrade Kaffe,"Hele Bønner, 225 g"
12,varme-drikker,kaffe,"kr 80,90","kr 161,80 per kg",Classic Mellanrost,"Filtermalt, 500 g"
13,varme-drikker,kaffe,"kr 98,30","kr 196,60 per kg",Nero Espresso,"Hele Bønner, 500 g"
14,varme-drikker,kaffe,"kr 77,40","kr 172,00 per kg",Skånerost,"filtermalt, 450 g"
15,varme-drikker,kaffe,"kr 76,40","kr 169,78 per kg",Mollbergs Blanding,"filtermalt, 450 g"
16,varme-drikker,kaffe,"kr 48,60","kr 194,40 per kg",Friele Fairtrade,250 g
17,varme-drikker,kaffe,"kr 44,80","kr 179,20 per kg",Café Noir DF,"Filtermalt, 250 g"
18,varme-drikker,kaffe,"kr 72,60","kr 161,33 per kg",Slow Roast Mørk,"Hele bønner, 450 g"
19,varme-drikker,kaffe,"kr 65,00","kr 288,89 per kg",Espresso Brasil,"Hele Bønner, 225 g"
20,varme-drikker,kaffe,"kr 79,00","kr 351,11 per kg",Kaffe fra Kenya,"Hele bønner, 225 g"
21,varme-drikker,kaffe,"kr 82,50","kr 366,67 per kg",Kaffe Etiopia,"Hele Bønner, 225 g"
22,varme-drikker,kaffe,"kr 75,20","kr 334,22 per kg",Kaffe Peru,"Hele Bønner, 225 g"
23,varme-drikker,kaffe,"kr 72,40","kr 321,78 per kg",Frokostkaffe,"Filtermalt, 225 g"
24,varme-drikker,kaffe,"kr 52,60","kr 105,20 per kg","Kaffe, Filtermalt",500 g
25,varme-drikker,kaffe,"kr 60,50","kr 121,00 per kg",Kaffe Hele Bønner,500 g
26,varme-drikker,kaffe,"kr 45,80","kr 366,40 per kg",Sjokoladekaffe,"Filtermalt, 125 g"
27,varme-drikker,kaffe,"kr 32,40","kr 259,20 per kg",Nescafé Cappuccino,"10 stk, 125 g"
28,varme-drikker,kaffe,"kr 33,80","kr 234,72 per kg",Nescafé Cafe Au Chocolat,"8stk, 144 g"
29,varme-drikker,kaffe,"kr 32,80","kr 227,78 per kg",Nescafé Latte Macchiato,"8 stk, 144 g"
30,varme-drikker,kaffe,"kr 36,70","kr 327,68 per kg",Ice Coffee,"8 stk, 112 g"
31,varme-drikker,kaffe,"kr 36,50","kr 221,21 per kg",Nescafe 3 in1,"10 stk, 165 g"
32,varme-drikker,kaffe,"kr 109,00","kr 363,33 per kg",Nescafé Gull,"Smartpack, 300 g"
33,varme-drikker,kaffe,"kr 64,60","kr 323,00 per kg",Nescafé Gull,200 g
34,varme-drikker,kaffe,"kr 30,70","kr 307,00 per kg",Nescafé Gull,"100g Refill, 100 g"
35,varme-drikker,kaffe,"kr 51,60","kr 516,00 per kg",Nescafé Gull,100 g
36,varme-drikker,kaffe,"kr 67,20","kr 67,20 per stk",Nescafe Azera Espresso,100 g
37,varme-drikker,kaffe,"kr 33,20","kr 332,00 per kg",Nescafé Brasero,100 g
38,varme-drikker,kaffe,"kr 90,90","kr 909,00 per kg",Nescafé Koffeinfri Gull,100 g
39,varme-drikker,kaffe,"kr 93,90","kr 375,60 per kg",Espressokaffe Malt,"Illy, 250 g"
40,varme-drikker,kaffe,"kr 85,50","kr 427,50 per kg",Friele Instant Gull Glass,200 g
41,varme-drikker,kaffe,"kr 43,50","kr 435,00 per kg",Friele Instant Gull Refil,100 g
42,varme-drikker,kaffe,"kr 1140,40","kr 16,29 per stk",Kaffe Finmalt,"70 poser á 100g, 70 stk"
43,varme-drikker,kaffe,"kr 43,80","kr 219,00 per kg",Coffee-mate Fløtepulver,200 g
44,varme-drikker,kaffe,"kr 17,30","kr 69,20 per kg",Kaffe Prima,"Filtermalt, 250 g"
45,varme-drikker,kaffe,"kr 24,70","kr 123,50 per kg",Pulverkaffe,200 g
46,varme-drikker,kaffe,"kr 29,40","kr 0,06 per stk",Natreen Tabletter,500 stk
47,varme-drikker,kaffe,"kr 27,30","kr 0,27 per stk",Søtningstabletter,100 stk
48,varme-drikker,kaffe,"kr 43,50","kr 0,44 per stk",Søtningstabletter,"Med Stevia, 100 stk"
49,varme-drikker,kaffe,"kr 73,40","kr 73,40 per l",Tomtegløgg,1 l
50,varme-drikker,kaffe,"kr 45,60","kr 91,20 per l",Tomtegløgg Original,500 ml
51,varme-drikker,kaffe,"kr 88,90","kr 88,90 per l",Tomtegløgg Krydder,1 l
0,varme-drikker,kaffekapsler,"kr 41,80","kr 4,18 per stk",Starbucks Blonde Espresso Roast,"Intensitet 6, 10 stk"
1,varme-drikker,kaffekapsler,"kr 45,50","kr 4,55 per stk",Starbucks Colombia,"Intensitet 7, 10 stk"
2,varme-drikker,kaffekapsler,"kr 45,50","kr 4,55 per stk",Starbucks Pike Place Roast,"Intensitet 7, 10 stk"
3,varme-drikker,kaffekapsler,"kr 41,80","kr 4,18 per stk",Starbucks House Blend,"Intensitet 8, 10 stk"
4,varme-drikker,kaffekapsler,"kr 45,50","kr 4,55 per stk",Starbucks Caffe Verona,"Intensitet 10, 10 stk"
5,varme-drikker,kaffekapsler,"kr 45,50","kr 4,55 per stk",Starbucks Espresso Roast,"Intensitet 11, 10 stk"
6,varme-drikker,kaffekapsler,"kr 45,80","kr 2,86 per stk",Dolce Gusto Americano,"Intensitet 4, 16 stk"
7,varme-drikker,kaffekapsler,"kr 45,80","kr 2,86 per stk",Dolce Gusto Grande,"Intensitet 5, 16 stk"
8,varme-drikker,kaffekapsler,"kr 45,80","kr 2,86 per stk",Dolce Gusto Mollbergs,"Intensitet 7, 16 stk"
9,varme-drikker,kaffekapsler,"kr 45,80","kr 2,86 per stk",Dolce Gusto Intenso Grande,"Intensitet 9, 16 stk"
10,varme-drikker,kaffekapsler,"kr 45,80","kr 2,86 per stk",Dolce Gusto Cafe Au Lait,16 stk
11,varme-drikker,kaffekapsler,"kr 59,80","kr 3,74 per stk",Dolce Gusto Cappuccino,"8+8 kapsler, 16 stk"
12,varme-drikker,kaffekapsler,"kr 33,40","kr 3,34 per stk",Kaffekapsel Arabica Blend,10 stk
13,varme-drikker,kaffekapsler,"kr 45,10","kr 4,51 per stk",Kaffekapsel Lungo Colombia,10 stk
14,varme-drikker,kaffekapsler,"kr 45,10","kr 4,51 per stk",Kaffekapsel Espresso,10 stk
15,varme-drikker,kaffekapsler,"kr 44,10","kr 4,41 per stk",L'Or Kaffekapsler Lungo Profondo,"Intensity 8, 10 stk"
16,varme-drikker,kaffekapsler,"kr 44,10","kr 4,41 per stk",L'or Kaffekapsler Ristretto Decaf,"Intensity 9, 10 stk"
17,varme-drikker,kaffekapsler,"kr 43,80","kr 4,38 per stk",L'or Kapsler Supremo,"Intensity 10, 10 stk"
18,varme-drikker,kaffekapsler,"kr 89,10","kr 4,46 per stk",L'Or Espresso Ristretto,"Intensity 11, 20 stk"
19,varme-drikker,kaffekapsler,"kr 44,10","kr 4,41 per stk",Friele Lungo 6,"Kapsler, 10 stk"
20,varme-drikker,kaffekapsler,"kr 37,90","kr 3,79 per stk",Friele Espresso 7,"Kapsler, 10 stk"
21,varme-drikker,kaffekapsler,"kr 76,30","kr 2,12 per stk",Senseo Friele Medium kopp,"Kaffeputer, 36 stk"
22,varme-drikker,kaffekapsler,"kr 76,90","kr 3,85 per stk",Senseo Friele Stor kopp,"Kaffeputer, 20 stk"
23,varme-drikker,kaffekapsler,"kr 78,70","kr 2,19 per stk",Senseo Classic Medium,"Kapsler, 36 stk"
24,varme-drikker,kaffekapsler,"kr 76,30","kr 2,12 per stk",Senseo Strong Liten,"Kapsler, 36 stk"
25,varme-drikker,kaffekapsler,"kr 75,20","kr 552,94 per kg",Tassimo Friele Frokostkaffe,136 g
26,varme-drikker,kaffekapsler,"kr 75,20","kr 537,14 per kg",Tassimo Gevalia Original,140 g
0,varme-drikker,sort-te,"kr 86,00","kr 1,72 per stk",Twinings Earl Grey,"50 poser, 50 stk"
1,varme-drikker,sort-te,"kr 113,90","kr 1,14 per stk",Twinings Earl Grey,100 stk
2,varme-drikker,sort-te,"kr 42,10","kr 0,84 per stk",Yellow Label,"50 poser, 50 stk"
3,varme-drikker,sort-te,"kr 40,00","kr 1,60 per stk",Lady Grey,25 stk
4,varme-drikker,sort-te,"kr 43,50","kr 1,74 per stk",English Breakfast Te,"25 poser, 25 stk"
5,varme-drikker,sort-te,"kr 70,10","kr 3,51 per stk",Classic Teas Collection,20 stk
6,varme-drikker,sort-te,"kr 73,80","kr 369,00 per kg",Earl Grey,"Løsvekt, 200 g"
7,varme-drikker,sort-te,"kr 110,80","kr 554,00 per kg",Lady Grey,"Løsvekt, 200 g"
8,varme-drikker,sort-te,"kr 121,80","kr 609,00 per kg",English Breakfast,"Løsvekt, 200 g"
9,varme-drikker,sort-te,"kr 24,10","kr 0,96 per stk",Yellow Label Tea,"25 poser, 25 stk"
10,varme-drikker,sort-te,"kr 37,50","kr 1,88 per stk",Russian Earl Grey,"Økologisk, 20 stk"
11,varme-drikker,sort-te,"kr 63,80","kr 2,55 per stk",Twinings Earl Grey,"Økologisk, 25 stk"
12,varme-drikker,sort-te,"kr 21,60","kr 0,43 per stk",Earl Grey Te,"50 poser, 50 stk"
13,varme-drikker,sort-te,"kr 65,70","kr 2,63 per stk",Love Te,25 stk
14,varme-drikker,sort-te,"kr 65,70","kr 2,63 per stk",Rose Te,25 stk
15,varme-drikker,sort-te,"kr 57,90","kr 278,37 per kg",Chai Latte Karamell,"Instant Te, 208 g"
16,varme-drikker,sort-te,"kr 57,90","kr 278,37 per kg",Chai Latte Krydret,"Instant Te, 208 g"
0,varme-drikker,gronn-te,"kr 113,70","kr 2,27 per stk",Grønn Te Sitron,"50 poser, 50 stk"
1,varme-drikker,gronn-te,"kr 31,80","kr 1,59 per stk",Green Tea Pyramide,"20 poser, 20 stk"
2,varme-drikker,gronn-te,"kr 58,90","kr 2,36 per stk",Grønn Te Ingefær,25 stk
3,varme-drikker,gronn-te,"kr 67,40","kr 2,70 per stk",Grønn Te Chai,25 stk
4,varme-drikker,gronn-te,"kr 47,00","kr 2,35 per stk",Te Lime & Ginger Green,"Økologisk, 20 stk"
5,varme-drikker,gronn-te,"kr 67,00","kr 2,68 per stk",Grønn te Mint,25 stk
6,varme-drikker,gronn-te,"kr 67,00","kr 2,68 per stk",Grønn te Pasjonsfrukt & Jasmin,25 stk
7,varme-drikker,gronn-te,"kr 67,00","kr 2,68 per stk",Grønn te Sitron,25 stk
8,varme-drikker,gronn-te,"kr 71,30","kr 2,85 per stk",Twinings Grønn Te med Sitron,25 stk
9,varme-drikker,gronn-te,"kr 59,20","kr 2,37 per stk",Grønn Te Earl Grey,25 stk
10,varme-drikker,gronn-te,"kr 59,80","kr 2,99 per stk",Clean Matcha Green,20 stk
11,varme-drikker,gronn-te,"kr 60,10","kr 3,54 per stk",Yogi Tea Green Balance,"Økologisk, 17 stk"
0,varme-drikker,urte-te-og-frukt-te,"kr 22,80","kr 1,14 per stk",Forest Fruit Tea Pyramide,"20 poser, 20 stk"
1,varme-drikker,urte-te-og-frukt-te,"kr 51,60","kr 2,58 per stk",Spicy Indian Chai,"20 poser, 20 stk"
2,varme-drikker,urte-te-og-frukt-te,"kr 45,80","kr 1,83 per stk","Eple, Kanel & Rosin-te",25 stk
3,varme-drikker,urte-te-og-frukt-te,"kr 59,80","kr 2,99 per stk","Lemon, Ginger & Manuka Honey Tea",20 stk
4,varme-drikker,urte-te-og-frukt-te,"kr 59,80","kr 2,99 per stk",Peppermint & Licorice Tea,20 stk
5,varme-drikker,urte-te-og-frukt-te,"kr 69,00","kr 3,45 per stk",Ginger & Lime-te,"Infuso, 20 stk"
6,varme-drikker,urte-te-og-frukt-te,"kr 48,40","kr 1,21 per stk",Taste Collection Frukt-Te,"40 poser, 40 stk"
7,varme-drikker,urte-te-og-frukt-te,"kr 34,70","kr 1,74 per stk",Peach Mango Tea Pyramide,"20 poser, 20 stk"
8,varme-drikker,urte-te-og-frukt-te,"kr 44,90","kr 2,25 per stk",Urtete Sweet Dreams,20 stk
9,varme-drikker,urte-te-og-frukt-te,"kr 61,30","kr 3,61 per stk",Yogi Tea Ginger Lemon,"Økologisk, 17 stk"
10,varme-drikker,urte-te-og-frukt-te,"kr 61,30","kr 3,61 per stk",Yogi Tea Turmeric Chai,"Økologisk, 17 stk"
11,varme-drikker,urte-te-og-frukt-te,"kr 61,30","kr 3,61 per stk",Yogi Tea Detox,"Økologisk, 17 stk"
12,varme-drikker,urte-te-og-frukt-te,"kr 60,10","kr 3,54 per stk",Yogi Tea Turmeric Orange,"Økologisk, 17 stk"
13,varme-drikker,urte-te-og-frukt-te,"kr 60,10","kr 3,54 per stk",Yogi Tea Green Balance,"Økologisk, 17 stk"
14,varme-drikker,urte-te-og-frukt-te,"kr 61,30","kr 3,61 per stk",Yogi Tea Bedtime,"Økologisk, 17 stk"
15,varme-drikker,urte-te-og-frukt-te,"kr 61,30","kr 3,61 per stk",Yogi Tea Matcha Lemon,"Økologisk, 17 stk"
16,varme-drikker,urte-te-og-frukt-te,"kr 59,80","kr 2,99 per stk",Turmeric Active,20 stk
17,varme-drikker,urte-te-og-frukt-te,"kr 65,20","kr 3,26 per stk",Relax,20 stk
18,varme-drikker,urte-te-og-frukt-te,"kr 59,80","kr 2,99 per stk",Green Collection,20 stk
19,varme-drikker,urte-te-og-frukt-te,"kr 65,30","kr 3,27 per stk",Wild Apple & Cinnamon,20 stk
20,varme-drikker,urte-te-og-frukt-te,"kr 59,80","kr 2,99 per stk",Blackcurrant Beauty,20 stk
21,varme-drikker,urte-te-og-frukt-te,"kr 59,80","kr 2,99 per stk",Original Chai,20 stk
22,varme-drikker,urte-te-og-frukt-te,"kr 59,80","kr 2,99 per stk",Herbal Collection,20 stk
23,varme-drikker,urte-te-og-frukt-te,"kr 59,80","kr 2,99 per stk",Elderberry & Echinacea Tea,20 stk
24,varme-drikker,urte-te-og-frukt-te,"kr 59,80","kr 2,99 per stk",Feel New,20 stk
25,varme-drikker,urte-te-og-frukt-te,"kr 65,30","kr 3,27 per stk",Day to Night Collection box,20 stk
26,varme-drikker,urte-te-og-frukt-te,"kr 66,70","kr 3,34 per stk",Love Rose Tea,"Chamomile & Lavender Tea, 20 stk"
27,varme-drikker,urte-te-og-frukt-te,"kr 41,90","kr 1,75 per stk",Nypete Urtete,24 stk
28,varme-drikker,urte-te-og-frukt-te,"kr 75,40","kr 3,77 per stk",Ginger Chai,"Infuso, 20 stk"
29,varme-drikker,urte-te-og-frukt-te,,"kr 2,37 per stk",Blackcurrant & Blueberry,"Infuso, 20 stk"
30,varme-drikker,urte-te-og-frukt-te,"kr 67,80","kr 3,39 per stk","Ginger, Mango & Moringa","Infuso, 20 stk"
31,varme-drikker,urte-te-og-frukt-te,"kr 57,30","kr 2,87 per stk",Lemon & Ginger,"Infuso, 20 stk"
32,varme-drikker,urte-te-og-frukt-te,,"kr 2,34 per stk",Raspberry & Pomegranat-te,"Infuso, 20 stk"
33,varme-drikker,urte-te-og-frukt-te,"kr 78,30","kr 3,92 per stk",Strawberry & Mango-te,"Infuso, 20 stk"
34,varme-drikker,urte-te-og-frukt-te,"kr 69,00","kr 3,45 per stk","Kamille, Honning & Vanilje-te","Infuso, 20 stk"
35,varme-drikker,urte-te-og-frukt-te,"kr 86,90","kr 4,35 per stk",Infuso Collection,20 stk
36,varme-drikker,urte-te-og-frukt-te,"kr 67,00","kr 2,68 per stk",Grønn te Pasjonsfrukt & Jasmin,25 stk
37,varme-drikker,urte-te-og-frukt-te,"kr 67,00","kr 2,68 per stk",Grønn te Mint,25 stk
38,varme-drikker,urte-te-og-frukt-te,"kr 67,00","kr 2,68 per stk",Ananas & Mango Te,25 stk
39,varme-drikker,urte-te-og-frukt-te,"kr 67,00","kr 2,68 per stk",Grønn te Sitron,25 stk
40,varme-drikker,urte-te-og-frukt-te,"kr 65,70","kr 2,63 per stk",Rose Te,25 stk
41,varme-drikker,urte-te-og-frukt-te,"kr 65,70","kr 2,63 per stk",Love Te,25 stk
42,varme-drikker,urte-te-og-frukt-te,"kr 41,20","kr 1,65 per stk",Four Red Fruits Tea,"25 poser, 25 stk"
43,varme-drikker,urte-te-og-frukt-te,"kr 57,80","kr 2,31 per stk",Sitron Te,25 stk
44,varme-drikker,urte-te-og-frukt-te,"kr 64,40","kr 2,58 per stk",Solbærte,25 stk
45,varme-drikker,urte-te-og-frukt-te,"kr 45,00","kr 1,73 per stk",Te Green Tea,"Økologisk, 26 stk"
46,varme-drikker,urte-te-og-frukt-te,"kr 45,00","kr 2,25 per stk",Te Snore & Peace,20 stk
47,varme-drikker,urte-te-og-frukt-te,"kr 45,00","kr 2,25 per stk",Kamille-te,20 stk
48,varme-drikker,urte-te-og-frukt-te,"kr 47,00","kr 2,35 per stk",Te Lime & Ginger Green,"Økologisk, 20 stk"
49,varme-drikker,urte-te-og-frukt-te,"kr 45,00","kr 2,25 per stk",Te Lemon & Ginger,"Økologisk, 20 stk"
50,varme-drikker,urte-te-og-frukt-te,"kr 45,00","kr 2,25 per stk",Te Happy Mondays,"Økologisk, 20 stk"
51,varme-drikker,urte-te-og-frukt-te,"kr 45,00","kr 2,25 per stk",Te Love Me Truly Chai,"Økologisk, 20 stk"
52,varme-drikker,urte-te-og-frukt-te,"kr 45,00","kr 2,25 per stk",Te Wild Berry,20 stk
53,varme-drikker,urte-te-og-frukt-te,"kr 61,10","kr 305,50 per kg",Ricola Urtete,200 g
54,varme-drikker,urte-te-og-frukt-te,"kr 52,80","kr 165,00 per kg",Solbærtoddy,"10pk, 320 g"
0,varme-drikker,kakao-og-sjokoladepulver,"kr 57,30","kr 127,33 per kg",Sjokoladedrikk Boks,450 g
1,varme-drikker,kakao-og-sjokoladepulver,"kr 26,20","kr 81,88 per kg",Sjokoladedrikk,"10 porsjonspakker, 320 g"
2,varme-drikker,kakao-og-sjokoladepulver,"kr 53,00","kr 48,18 per kg",O'boy Original,"Refill, 1,1 kg"
3,varme-drikker,kakao-og-sjokoladepulver,"kr 25,40","kr 56,44 per kg",O'boy Original,450 g
4,varme-drikker,kakao-og-sjokoladepulver,"kr 41,40","kr 82,80 per kg",O'boy Mindre Sukker,500 g
5,varme-drikker,kakao-og-sjokoladepulver,"kr 49,80","kr 62,25 per kg",Nesquik Refill,800 g
6,varme-drikker,kakao-og-sjokoladepulver,"kr 255,00","kr 127,50 per kg",Regia Kakao 2 x 1kg,2 kg
7,varme-drikker,kakao-og-sjokoladepulver,"kr 31,20","kr 120,00 per kg",Regia Kakao,"Original, 260 g"
8,varme-drikker,kakao-og-sjokoladepulver,"kr 51,00","kr 5,10 per stk",Regia Lett Kakao,10 stk
9,varme-drikker,kakao-og-sjokoladepulver,"kr 37,60","kr 3,76 per stk","Sjokoladedrikk, Rett i Koppen","10 poser, 10 stk"
10,varme-drikker,kakao-og-sjokoladepulver,"kr 29,10","kr 36,38 per kg",Sjokoladepulver,800 g
11,varme-drikker,kakao-og-sjokoladepulver,"kr 25,00","kr 100,00 per kg",Kakao,250 g
12,varme-drikker,kakao-og-sjokoladepulver,"kr 52,80","kr 165,00 per kg",Solbærtoddy,"10pk, 320 g"
13,varme-drikker,kakao-og-sjokoladepulver,"kr 61,20","kr 278,18 per kg",Sjokoladedrikk,"Belgisk Sjokolade, 220 g"
0,olje-og-krydder,oljer-og-eddik,"kr 261,30","kr 1045,20 per l",Leonardi Balsamicoeddik,"8 år, 250 ml"
1,olje-og-krydder,oljer-og-eddik,"kr 121,40","kr 242,80 per l",Hellstrøm Ekstra Virgin Olivenolje,"0,5 l"
2,olje-og-krydder,oljer-og-eddik,"kr 43,70","kr 87,40 per l",Olivenolje Extra Virgin,"0,5 l"
3,olje-og-krydder,oljer-og-eddik,"kr 100,20","kr 200,40 per l",Olivenolje Extra Virgin,"Økologisk, 0,5 l"
4,olje-og-krydder,oljer-og-eddik,"kr 66,70","kr 133,40 per l",Olivenolje Extra Virgin,"Økologisk, 0,5 l"
5,olje-og-krydder,oljer-og-eddik,"kr 103,80","kr 207,60 per l",Extra Virgin Olivenolje,"Økologisk, 0,5 l"
6,olje-og-krydder,oljer-og-eddik,"kr 189,20","kr 94,60 per l",Olivenolje,2 l
7,olje-og-krydder,oljer-og-eddik,"kr 122,40","kr 244,80 per l",Select Extra Virgin Olive Oil,500 ml
8,olje-og-krydder,oljer-og-eddik,"kr 130,90","kr 261,80 per l",Region Sitia Extra Virgin Olive Oil,500 ml
9,olje-og-krydder,oljer-og-eddik,"kr 108,40","kr 433,60 per l",Fresh Extra Virgin Olivenolje,250 ml
10,olje-og-krydder,oljer-og-eddik,"kr 83,40","kr 333,60 per l",Extra Vergine di Oliva,"Sicilia IGP, 250 ml"
11,olje-og-krydder,oljer-og-eddik,"kr 38,80","kr 38,80 per l",Olivenolje,1 l
12,olje-og-krydder,oljer-og-eddik,"kr 96,10","kr 192,20 per l",Oleaurum Olivenolje,"0,5 l"
13,olje-og-krydder,oljer-og-eddik,"kr 109,30","kr 437,20 per l",Olivenolje til Pizza,"Spicy, 250 ml"
14,olje-og-krydder,oljer-og-eddik,"kr 108,40","kr 433,60 per l",Extra Virgin Olive Oil,250 ml
15,olje-og-krydder,oljer-og-eddik,"kr 77,90","kr 173,11 per l",Classico Extra Vergine di Oliva,450 ml
16,olje-og-krydder,oljer-og-eddik,"kr 109,30","kr 437,20 per l",Olivenolje,"Hvit Trøffel, 250 ml"
17,olje-og-krydder,oljer-og-eddik,"kr 110,30","kr 220,60 per l",Region Sparta Extra Virgin Olive Oil,500 ml
18,olje-og-krydder,oljer-og-eddik,"kr 103,20","kr 206,40 per l",Olivenolje Spansk Extra Virgin,"Økologisk, kaldpresset, 0,5 l"
19,olje-og-krydder,oljer-og-eddik,"kr 108,90","kr 435,60 per l",Olivenolje,"Sitron, 250 ml"
20,olje-og-krydder,oljer-og-eddik,"kr 109,30","kr 437,20 per l",Olivenolje,"Hvitløk & Chili, 250 ml"
21,olje-og-krydder,oljer-og-eddik,"kr 109,30","kr 437,20 per l",Olivenolje,"Basilikum, 250 ml"
22,olje-og-krydder,oljer-og-eddik,"kr 79,80","kr 106,40 per l",Raps- og Olivenolje,750 ml
23,olje-og-krydder,oljer-og-eddik,"kr 74,80","kr 166,22 per l",Rapsolje,"Baking, 450 ml"
24,olje-og-krydder,oljer-og-eddik,"kr 64,70","kr 143,78 per l",Rapsolje,"Steking, 450 ml"
25,olje-og-krydder,oljer-og-eddik,"kr 96,70","kr 214,89 per l",Rapsolje Chili,450 ml
26,olje-og-krydder,oljer-og-eddik,"kr 73,80","kr 369,00 per kg",Kokosolje Smaksnøytral,"Økologisk, 200 g"
27,olje-og-krydder,oljer-og-eddik,"kr 71,40","kr 285,60 per l",Linfrøolje,"Økologisk, 250 ml"
28,olje-og-krydder,oljer-og-eddik,"kr 122,40","kr 489,60 per l",Avocadoolje,250 ml
29,olje-og-krydder,oljer-og-eddik,"kr 86,30","kr 345,20 per l",Hasselnøttolje,250 ml
30,olje-og-krydder,oljer-og-eddik,"kr 43,90","kr 88,69 per l",Optimal Olje,495 ml
31,olje-og-krydder,oljer-og-eddik,"kr 21,50","kr 21,50 per l",Rapsolje,1 l
32,olje-og-krydder,oljer-og-eddik,"kr 22,50","kr 22,50 per l",Solsikkeolje,1 l
33,olje-og-krydder,oljer-og-eddik,"kr 29,90","kr 29,90 per l",Soyaolje,1 l
34,olje-og-krydder,oljer-og-eddik,"kr 50,60","kr 25,30 per l",Frityrolje,2 l
35,olje-og-krydder,oljer-og-eddik,"kr 155,80","kr 623,20 per l",Emilio Aceto Balsamicoeddik,250 ml
36,olje-og-krydder,oljer-og-eddik,"kr 41,10","kr 164,40 per l",Balsamico Vineddik,"0,25 l"
37,olje-og-krydder,oljer-og-eddik,"kr 73,40","kr 293,60 per l",Balsamico Cream,250 ml
38,olje-og-krydder,oljer-og-eddik,"kr 81,90","kr 327,60 per l",Bringebæreddik,250 ml
39,olje-og-krydder,oljer-og-eddik,"kr 70,40","kr 281,60 per l",Eplecidereddik,250 ml
40,olje-og-krydder,oljer-og-eddik,"kr 81,90","kr 327,60 per l",Sherryeddik,250 ml
41,olje-og-krydder,oljer-og-eddik,"kr 54,40","kr 217,60 per l",Estragoneddik,250 ml
42,olje-og-krydder,oljer-og-eddik,"kr 47,40","kr 316,00 per l",Riseddik,150 ml
43,olje-og-krydder,oljer-og-eddik,"kr 43,10","kr 86,20 per l",Eddikessens,"35% Klar, 500 ml"
44,olje-og-krydder,oljer-og-eddik,"kr 24,60","kr 41,00 per l",Eddik,"7% Klar, 0,6 l"
45,olje-og-krydder,oljer-og-eddik,"kr 25,10","kr 41,83 per l",Eddik,"7% Brun, 0,6 l"
46,olje-og-krydder,oljer-og-eddik,"kr 72,80","kr 153,91 per l",Eplecider Eddik,473 ml
47,olje-og-krydder,oljer-og-eddik,"kr 34,40","kr 229,33 per l",Fish Sauce,150 ml
48,olje-og-krydder,oljer-og-eddik,"kr 69,80","kr 465,33 per l",Sesamolje,150 ml
49,olje-og-krydder,oljer-og-eddik,"kr 41,60","kr 277,33 per l",Sushi Su,150 ml
50,olje-og-krydder,oljer-og-eddik,"kr 33,80","kr 225,33 per l",Saitaku riseddik,150 ml
51,olje-og-krydder,oljer-og-eddik,"kr 32,80","kr 131,20 per l",Realemon Sitronsaft,250 ml
52,olje-og-krydder,oljer-og-eddik,"kr 11,80","kr 59,00 per l",Sitronjuice,200 ml
53,olje-og-krydder,oljer-og-eddik,"kr 19,80","kr 172,17 per l",Sitronsaft,"Usukret, 115 ml"
54,olje-og-krydder,oljer-og-eddik,"kr 87,00","kr 193,33 per l",Rapsolje Naturell,"0,45 l"
0,olje-og-krydder,dressing,"kr 52,10","kr 196,60 per kg",Fransk Dressing,265 g
1,olje-og-krydder,dressing,"kr 69,80","kr 199,43 per l",Cæsar Dressing,350 ml
2,olje-og-krydder,dressing,"kr 23,80","kr 59,50 per kg",Selskapsdressing,400 g
3,olje-og-krydder,dressing,"kr 37,80","kr 84,00 per kg",Bjerke Dressing,450 g
4,olje-og-krydder,dressing,"kr 13,80","kr 460,00 per kg",Dressingmix Gresk,30 g
5,olje-og-krydder,dressing,"kr 31,70","kr 68,17 per kg",Thousand Island Maks 3% Fett,465 g
6,olje-og-krydder,dressing,"kr 48,90","kr 183,15 per l",Blue Cheese Dressing,267 ml
7,olje-og-krydder,dressing,"kr 56,90","kr 213,11 per kg",Creamy Caesar Dressing,267 g
8,olje-og-krydder,dressing,"kr 24,20","kr 63,68 per kg",Pizzadressing,380 g
9,olje-og-krydder,dressing,"kr 23,80","kr 59,50 per kg",Hamburgerdressing,400 g
10,olje-og-krydder,dressing,"kr 26,90","kr 70,79 per kg",Hvitløksdressing,380 g
11,olje-og-krydder,dressing,"kr 17,00","kr 45,33 per kg",Majones,375 g
12,olje-og-krydder,dressing,"kr 16,60","kr 44,27 per kg","Majones, Lett",375 g
13,olje-og-krydder,dressing,"kr 28,80","kr 61,28 per l",Rømmedressing,470 ml
14,olje-og-krydder,dressing,"kr 29,80","kr 104,56 per kg",Saus Ravigotte,285 g
15,olje-og-krydder,dressing,"kr 25,00","kr 55,56 per kg",Thousand Island,450 g
16,olje-og-krydder,dressing,"kr 39,80","kr 88,44 per kg",Pizza og Kebabdressing,"Spicy, 450 g"
17,olje-og-krydder,dressing,"kr 34,80","kr 77,33 per kg",Rømmedressing Med Hvitløk,450 g
18,olje-og-krydder,dressing,"kr 20,90","kr 46,44 per kg",Hamburgerdressing,450 g
19,olje-og-krydder,dressing,"kr 14,90","kr 114,62 per kg",Peppes Originale Rømmedressing,130 g
20,olje-og-krydder,dressing,"kr 31,80","kr 212,00 per l",Worcestershire Sauce,150 ml
21,olje-og-krydder,dressing,"kr 30,90","kr 103,00 per kg",Hamburgerdressing,300 g
22,olje-og-krydder,dressing,"kr 29,50","kr 98,33 per kg",Hvitløksdressing,300 g
23,olje-og-krydder,dressing,"kr 38,20","kr 127,33 per kg",Mango Curry dressing,300 g
24,olje-og-krydder,dressing,"kr 39,40","kr 179,09 per kg",Garlic Sauce,220 g
25,olje-og-krydder,dressing,"kr 30,70","kr 146,19 per kg",Peppes Pizzadressing,"Med Rømme & Gressløk, 210 g"
26,olje-og-krydder,dressing,"kr 59,90","kr 117,45 per kg",Hickory Barbecue Sauce,510 g
0,olje-og-krydder,krydder,"kr 43,50","kr 630,43 per kg",Pepper Sort Malt,69 g
1,olje-og-krydder,krydder,"kr 42,00","kr 1024,39 per kg",Einebær,41 g
2,olje-og-krydder,krydder,"kr 33,50","kr 515,38 per kg",Hel Sort Pepper,65 g
3,olje-og-krydder,krydder,"kr 37,20","kr 620,00 per kg",Paprika,"Malt, 60 g"
4,olje-og-krydder,krydder,"kr 57,80","kr 2890,00 per kg",Estragon,20 g
5,olje-og-krydder,krydder,"kr 50,50","kr 1202,38 per kg",Rosmarin,"Tørket, 42 g"
6,olje-og-krydder,krydder,"kr 34,80","kr 278,40 per kg",Maldonsalt,125 g
7,olje-og-krydder,krydder,"kr 57,80","kr 462,40 per kg",Maldon Salt Røkt,125 g
8,olje-og-krydder,krydder,"kr 51,80","kr 941,82 per kg",Havsaltflak,"Med Kvern, 55 g"
9,olje-og-krydder,krydder,"kr 54,80","kr 391,43 per kg",Rock salt,"Med kvern, 140 g"
10,olje-og-krydder,krydder,"kr 52,70","kr 351,33 per kg",Havsalt,"Med Kvern, 150 g"
11,olje-og-krydder,krydder,"kr 36,60","kr 146,40 per kg",Seltin Original,250 g
12,olje-og-krydder,krydder,"kr 31,00","kr 56,36 per kg",Seltin,"Original, 550 g"
13,olje-og-krydder,krydder,"kr 12,80","kr 25,60 per kg",Kvernsalt,"0,5 kg"
14,olje-og-krydder,krydder,"kr 8,60","kr 8,60 per kg",Jozo Fint Salt,"Uten Jod, 1 kg"
15,olje-og-krydder,krydder,"kr 8,60","kr 8,60 per kg",Jozo Fint Salt,"Med Jod, 1 kg"
16,olje-og-krydder,krydder,"kr 57,20","kr 635,56 per kg",Seafood & Fish Premium,"Med kvern, 90 g"
17,olje-og-krydder,krydder,"kr 62,40","kr 832,00 per kg",Chicken & Steak,"Med kvern, 75 g"
18,olje-og-krydder,krydder,"kr 54,80","kr 782,86 per kg",Chili Explosion,"Med kvern, 70 g"
19,olje-og-krydder,krydder,"kr 64,40","kr 805,00 per kg",Pasta Rossa,"Hvitløk, Tomat, Pepper & Salt, 80 g"
20,olje-og-krydder,krydder,"kr 58,70","kr 838,57 per kg",Tellicherry pepper,"Med kvern, 70 g"
21,olje-og-krydder,krydder,"kr 52,60","kr 2286,96 per kg",Basilikum,23 g
22,olje-og-krydder,krydder,"kr 47,70","kr 636,00 per kg",Chilikrydder,75 g
23,olje-og-krydder,krydder,"kr 52,70","kr 1646,88 per kg",Dill Tørket,32 g
24,olje-og-krydder,krydder,"kr 34,00","kr 6800,00 per kg",Gressløk,5 g
25,olje-og-krydder,krydder,"kr 42,90","kr 357,50 per kg",Grillkrydder,120 g
26,olje-og-krydder,krydder,"kr 43,30","kr 618,57 per kg",Gurkemeie,70 g
27,olje-og-krydder,krydder,"kr 25,10","kr 456,36 per kg",Garam Masala,55 g
28,olje-og-krydder,krydder,"kr 36,50","kr 419,54 per kg",Hvitløkpulver,87 g
29,olje-og-krydder,krydder,"kr 24,20","kr 361,19 per kg",Kanel Malt,67 g
30,olje-og-krydder,krydder,"kr 48,40","kr 744,62 per kg",Karri,65 g
31,olje-og-krydder,krydder,"kr 45,60","kr 991,30 per kg",Kardemomme,46 g
32,olje-og-krydder,krydder,"kr 40,50","kr 653,23 per kg",Kajennepepper,"Tørr, 62 g"
33,olje-og-krydder,krydder,"kr 31,90","kr 315,84 per kg",Kyllingkrydder,101 g
34,olje-og-krydder,krydder,"kr 34,60","kr 402,33 per kg",Løkpulver,86 g
35,olje-og-krydder,krydder,"kr 25,40","kr 2540,00 per kg",Oregano,10 g
36,olje-og-krydder,krydder,"kr 60,50","kr 930,77 per kg",Sort Pepper Hel,"Med Kvern, 65 g"
37,olje-og-krydder,krydder,"kr 40,90","kr 1636,00 per kg",Pizzakrydder,25 g
38,olje-og-krydder,krydder,"kr 40,90","kr 430,53 per kg",Sitronpepper,95 g
39,olje-og-krydder,krydder,"kr 47,20","kr 3146,67 per kg",Persille Tørket,15 g
40,olje-og-krydder,krydder,"kr 48,40","kr 2304,76 per kg",Provencekrydder,21 g
41,olje-og-krydder,krydder,"kr 23,70","kr 348,53 per kg",Pepper Sort,"Grovmalt, 68 g"
42,olje-og-krydder,krydder,"kr 35,10","kr 260,00 per kg",Piffikrydder,135 g
43,olje-og-krydder,krydder,"kr 33,40","kr 513,85 per kg",Peppermix,65 g
44,olje-og-krydder,krydder,"kr 33,40","kr 407,32 per kg",Hvitløkpepper,"Hel, 82 g"
45,olje-og-krydder,krydder,"kr 35,60","kr 574,19 per kg",Spisskummen,"Malt, 62 g"
46,olje-og-krydder,krydder,"kr 25,30","kr 168,67 per kg",Hvitløksalt,150 g
47,olje-og-krydder,krydder,"kr 48,60","kr 486,00 per kg",Tandoori Masala,100 g
48,olje-og-krydder,krydder,"kr 44,10","kr 531,33 per kg",Valmuefrø Blå,83 g
49,olje-og-krydder,krydder,"kr 18,20","kr 1400,00 per kg",Allehånde,"Malt, 13 g"
50,olje-og-krydder,krydder,"kr 12,20","kr 813,33 per kg",Ingefær,"Malt, 15 g"
51,olje-og-krydder,krydder,"kr 24,30","kr 1215,00 per kg",Korianderfrø Malt,20 g
52,olje-og-krydder,krydder,"kr 11,70","kr 688,24 per kg",Kanel,"Malt, 17 g"
53,olje-og-krydder,krydder,"kr 12,20","kr 1220,00 per kg",Kanel,"Hel, 10 g"
54,olje-og-krydder,krydder,"kr 16,60","kr 1276,92 per kg",Kardemomme,"Malt, 13 g"
55,olje-og-krydder,krydder,"kr 15,30","kr 765,00 per kg",Karve,20 g
56,olje-og-krydder,krydder,"kr 12,80","kr 6400,00 per kg",Laurbærblad,"Hel, 2 g"
57,olje-og-krydder,krydder,"kr 12,40","kr 1240,00 per kg",Muskatnøtt,"Malt, 10 g"
58,olje-og-krydder,krydder,"kr 16,20","kr 1350,00 per kg",Muskatnøtt,"Hel, 12 g"
59,olje-og-krydder,krydder,"kr 10,70","kr 1070,00 per kg",Nellik Malt,10 g
60,olje-og-krydder,krydder,"kr 15,00","kr 1000,00 per kg",Nellik Hel,15 g
61,olje-og-krydder,krydder,"kr 12,70","kr 604,76 per kg",Hel Sort Pepper,21 g
62,olje-og-krydder,krydder,"kr 11,40","kr 876,92 per kg",Sort Pepper Malt,13 g
63,olje-og-krydder,krydder,"kr 13,20","kr 1015,38 per kg",Hvit Pepper,"Malt, 13 g"
64,olje-og-krydder,krydder,"kr 14,20","kr 2366,67 per kg",Timian Hel,6 g
65,olje-og-krydder,krydder,"kr 48,60","kr 16200,00 per kg",Vaniljestang,3 g
66,olje-og-krydder,krydder,"kr 29,40","kr 294,00 per kg",Kapers,100 g
67,olje-og-krydder,krydder,"kr 32,60","kr 326,00 per kg",Paradiso Kapers,"Non Pareilles, 100 g"
68,olje-og-krydder,krydder,"kr 35,80","kr 275,38 per kg",Pommes Frites Krydder,130 g
69,olje-og-krydder,krydder,"kr 22,80","kr 253,33 per kg",Aromat Krydder,90 g
70,olje-og-krydder,krydder,"kr 56,80","kr 1320,93 per kg",Wasabi Paste,43 g
0,olje-og-krydder,ketchup-og-sennep,"kr 53,20","kr 53,20 per kg",Tomatketchup,1 kg
1,olje-og-krydder,ketchup-og-sennep,"kr 33,40","kr 63,02 per kg",Tomatketchup Økologisk,530 g
2,olje-og-krydder,ketchup-og-sennep,"kr 52,20","kr 174,00 per kg",Ketsjup,300 g
3,olje-og-krydder,ketchup-og-sennep,"kr 9,90","kr 9,90 per kg",Ketchup,"Prima, 1 kg"
4,olje-og-krydder,ketchup-og-sennep,"kr 33,40","kr 98,24 per kg",Chili sauce,340 g
5,olje-og-krydder,ketchup-og-sennep,"kr 49,40","kr 85,17 per kg",Tomatketchup,"Økologisk, 580 g"
6,olje-og-krydder,ketchup-og-sennep,"kr 13,90","kr 27,25 per kg",Tomatketchup,"Uten tilsatt sukker, 510 g"
7,olje-og-krydder,ketchup-og-sennep,"kr 16,00","kr 30,19 per kg",Tomatketchup,530 g
8,olje-og-krydder,ketchup-og-sennep,"kr 16,90","kr 34,49 per kg",Pølsesennep,490 g
9,olje-og-krydder,ketchup-og-sennep,"kr 24,60","kr 50,20 per kg",Bodsennep,490 g
10,olje-og-krydder,ketchup-og-sennep,"kr 14,90","kr 39,21 per kg",Dijon Sennep,380 g
11,olje-og-krydder,ketchup-og-sennep,"kr 49,80","kr 237,14 per kg",Whole Grain Sennep,210 g
12,olje-og-krydder,ketchup-og-sennep,"kr 46,80","kr 203,48 per kg",Honey Dijon Sennep,230 g
13,olje-og-krydder,ketchup-og-sennep,"kr 18,60","kr 67,64 per kg",Grov Sennep,275 g
14,olje-og-krydder,ketchup-og-sennep,"kr 58,90","kr 130,89 per kg",Gyllensten Sterk Sennep,450 g
15,olje-og-krydder,ketchup-og-sennep,"kr 55,80","kr 140,55 per kg",Classic Yellow Mustard,397 g
16,olje-og-krydder,ketchup-og-sennep,"kr 25,40","kr 56,44 per kg",Tomatketchup,450 g
17,olje-og-krydder,ketchup-og-sennep,"kr 29,90","kr 70,35 per kg",Ketchup uten sukker og salt,425 g
18,olje-og-krydder,ketchup-og-sennep,"kr 37,10","kr 185,50 per kg",Sennepssaus,200 g
19,olje-og-krydder,ketchup-og-sennep,"kr 42,80","kr 167,84 per l",HP Sauce,"Original, 255 ml"
0,olje-og-krydder,buljong-og-fond,"kr 152,00","kr 1520,00 per l",Fungi Soppekstrakt,100 ml
1,olje-og-krydder,buljong-og-fond,"kr 130,20","kr 130,20 per l",Puljonki Okse Demi Glace,1 l
2,olje-og-krydder,buljong-og-fond,"kr 81,90","kr 81,90 per l",Puljonki Hønsebuljong,1 l
3,olje-og-krydder,buljong-og-fond,"kr 57,80","kr 321,11 per l",Kyllingfond,180 ml
4,olje-og-krydder,buljong-og-fond,"kr 57,80","kr 321,11 per l",Kalvefond,180 ml
5,olje-og-krydder,buljong-og-fond,"kr 81,90","kr 455,00 per l",Oksefond med Rødvin,180 ml
6,olje-og-krydder,buljong-og-fond,"kr 24,60","kr 61,50 per kg",Maizena Maisstivelse,400 g
7,olje-og-krydder,buljong-og-fond,"kr 44,80","kr 344,62 per kg",Grønnsaksbuljong Gjærfri,"Økologisk, 130 g"
8,olje-og-krydder,buljong-og-fond,"kr 24,90","kr 4,98 per l",Klar Kyllingbuljong,"Terninger, 5 l"
9,olje-og-krydder,buljong-og-fond,"kr 21,90","kr 4,38 per l",Klar Grønnsakbuljong,5 l
10,olje-og-krydder,buljong-og-fond,"kr 36,80","kr 4,60 per l",Klar kjøttbuljong,"Terninger, 8 l"
11,olje-og-krydder,buljong-og-fond,"kr 27,50","kr 5,50 per l",Klar fiskebuljong,"Terninger, 5 l"
12,olje-og-krydder,buljong-og-fond,"kr 19,80","kr 3,30 per l",Hønsebuljong Terninger,6 l
13,olje-og-krydder,buljong-og-fond,"kr 21,40","kr 3,57 per l",Kjøttbuljong,"Terninger, 6 l"
14,olje-og-krydder,buljong-og-fond,"kr 21,80","kr 227,08 per kg",Fond Cups Kylling,"4 stk, 96 g"
15,olje-og-krydder,buljong-og-fond,"kr 21,80","kr 227,08 per kg",Fond Cups Okse,"4 stk, 96 g"
16,olje-og-krydder,buljong-og-fond,"kr 26,40","kr 235,71 per kg",Fond du Chef,"Kjøtt, 4x28g, 112 g"
17,olje-og-krydder,buljong-og-fond,"kr 28,80","kr 257,14 per kg",Fond du Chef,"Kylling, 4x28g, 112 g"
18,olje-og-krydder,buljong-og-fond,"kr 27,80","kr 248,21 per kg",Fond du Chef,"Grønnsak, 4x28g, 112 g"
19,olje-og-krydder,buljong-og-fond,"kr 28,40","kr 3,79 per l",Buljongpulver Mørk,"Gir 7,5l ferdig buljong, 7,5 l"
20,olje-og-krydder,buljong-og-fond,"kr 22,40","kr 44,80 per l",Buljonggele Lys,"0,5 l"
21,olje-og-krydder,buljong-og-fond,"kr 37,10","kr 4,95 per l",Buljongpulver Lys,"Gir 7,5 l ferdig buljong, 7,5 l"
22,olje-og-krydder,buljong-og-fond,"kr 26,30","kr 263,00 per kg",Piri Piri,"Smaksrik, 100 g"
23,olje-og-krydder,buljong-og-fond,"kr 15,80","kr 175,56 per kg",Sukkerkulør Flytende,90 g
0,mel-og-bakeingredienser,mel-og-sukker,"kr 40,80","kr 20,40 per kg",Fibra Fullkornshvetemel,2 kg
1,mel-og-bakeingredienser,mel-og-sukker,"kr 17,40","kr 17,40 per kg",Hvete Helkorn,1 kg
2,mel-og-bakeingredienser,mel-og-sukker,"kr 14,90","kr 7,45 per kg",Hvetemel,"Siktet, 2 kg"
3,mel-og-bakeingredienser,mel-og-sukker,"kr 12,80","kr 12,80 per kg",Hvetemel,"Siktet, 1 kg"
4,mel-og-bakeingredienser,mel-og-sukker,"kr 9,90","kr 19,80 per kg",Melis,500 g
5,mel-og-bakeingredienser,mel-og-sukker,"kr 20,90","kr 20,90 per kg",Sukker,1 kg
6,mel-og-bakeingredienser,mel-og-sukker,"kr 17,90","kr 35,80 per kg",Brunt sukker,500 g
7,mel-og-bakeingredienser,mel-og-sukker,"kr 18,60","kr 37,20 per kg",Perlesukker,500 g
8,mel-og-bakeingredienser,mel-og-sukker,"kr 20,30","kr 40,60 per kg","Sukkerbiter, Løs Raffinade",500 g
9,mel-og-bakeingredienser,mel-og-sukker,"kr 14,10","kr 14,10 per kg",Grovbakstmel,1 kg
10,mel-og-bakeingredienser,mel-og-sukker,"kr 12,20","kr 12,20 per kg",Sammalt Rug Grovmalt,1 kg
11,mel-og-bakeingredienser,mel-og-sukker,"kr 27,80","kr 27,80 per kg",Pizzamel,"Tipo-0, 1 kg"
12,mel-og-bakeingredienser,mel-og-sukker,"kr 41,90","kr 41,90 per kg",Hvetemel,"Tipo-00, 1 kg"
13,mel-og-bakeingredienser,mel-og-sukker,"kr 14,10","kr 14,10 per kg",Sammalt Hvete Grovmalt,1 kg
14,mel-og-bakeingredienser,mel-og-sukker,"kr 17,40","kr 17,40 per kg",Rugmel Siktet,1 kg
15,mel-og-bakeingredienser,mel-og-sukker,"kr 33,40","kr 33,40 per kg",Havremel,1 kg
16,mel-og-bakeingredienser,mel-og-sukker,"kr 26,20","kr 52,40 per kg",Potetmel,500 g
17,mel-og-bakeingredienser,mel-og-sukker,"kr 36,40","kr 91,00 per kg",Griljermel,400 g
18,mel-og-bakeingredienser,mel-og-sukker,"kr 13,00","kr 13,00 per kg",Hvete Sammalt,"Fin, 1 kg"
19,mel-og-bakeingredienser,mel-og-sukker,"kr 16,80","kr 16,80 per kg",Byggmel Siktet,1 kg
20,mel-og-bakeingredienser,mel-og-sukker,"kr 14,80","kr 37,00 per kg",Kruskakli Hvete,400 g
21,mel-og-bakeingredienser,mel-og-sukker,"kr 38,80","kr 40,84 per kg",Havrekli,950 g
22,mel-og-bakeingredienser,mel-og-sukker,"kr 25,80","kr 25,80 per kg",Protein- og Fibermel,1 kg
23,mel-og-bakeingredienser,mel-og-sukker,"kr 14,20","kr 25,82 per kg",Semulegryn,550 g
24,mel-og-bakeingredienser,mel-og-sukker,"kr 37,80","kr 144,27 per kg",Glutenfri Melblanding,"Lys, 262 g"
25,mel-og-bakeingredienser,mel-og-sukker,"kr 38,60","kr 95,07 per kg",Glutenfri Melblanding,"Grov, 406 g"
26,mel-og-bakeingredienser,mel-og-sukker,"kr 24,60","kr 61,50 per kg",Maizena Maisstivelse,400 g
27,mel-og-bakeingredienser,mel-og-sukker,"kr 35,90","kr 71,80 per kg",Glutenfri Brødmix,500 g
28,mel-og-bakeingredienser,mel-og-sukker,"kr 43,80","kr 87,60 per kg",Glutenfri Brødmix Med Fiber,500 g
29,mel-og-bakeingredienser,mel-og-sukker,"kr 42,90","kr 612,86 per kg",Natreen Strø,70 g
30,mel-og-bakeingredienser,mel-og-sukker,"kr 29,40","kr 0,06 per stk",Natreen Tabletter,500 stk
31,mel-og-bakeingredienser,mel-og-sukker,"kr 40,90","kr 327,20 per l",Søtningsmiddel Flytende,125 ml
32,mel-og-bakeingredienser,mel-og-sukker,"kr 85,90","kr 171,80 per kg",Sukrin Naturlig,"Naturlig Søtstoff, 500 g"
33,mel-og-bakeingredienser,mel-og-sukker,"kr 73,30","kr 183,25 per kg",Sukrin Melis,"Naturlig Søtstoff, 400 g"
34,mel-og-bakeingredienser,mel-og-sukker,"kr 89,80","kr 179,60 per kg",Sukrin Gold,"Naturlig Søtstoff, 500 g"
35,mel-og-bakeingredienser,mel-og-sukker,"kr 19,60","kr 39,20 per kg",Sirup Mørk,500 g
36,mel-og-bakeingredienser,mel-og-sukker,"kr 19,30","kr 38,60 per kg",Sirup Lys,500 g
37,mel-og-bakeingredienser,mel-og-sukker,"kr 68,40","kr 152,00 per kg",Maltextrakt,450 g
38,mel-og-bakeingredienser,mel-og-sukker,"kr 99,80","kr 422,88 per l",Lønnesirup Lys,"Økologisk, 236 ml"
39,mel-og-bakeingredienser,mel-og-sukker,"kr 69,80","kr 369,31 per l",Lønnesirup,"Økologisk, 189 ml"
40,mel-og-bakeingredienser,mel-og-sukker,"kr 94,30","kr 94,30 per kg",Rårørsukker Lyst,"Økologisk, 1 kg"
41,mel-og-bakeingredienser,mel-og-sukker,"kr 22,40","kr 44,80 per kg",Rørsukker Strø Demerara,500 g
42,mel-og-bakeingredienser,mel-og-sukker,"kr 149,80","kr 499,33 per kg",Fiberhusk Baketilsetning,"Glutenfri, 300 g"
43,mel-og-bakeingredienser,mel-og-sukker,"kr 43,80","kr 62,57 per kg",Fin Melblanding,"Glutenfri, 700 g"
44,mel-og-bakeingredienser,mel-og-sukker,"kr 49,80","kr 71,14 per kg",Grov Melblanding,"Glutenfri, 700 g"
45,mel-og-bakeingredienser,mel-og-sukker,"kr 49,40","kr 98,80 per kg",Holmen Jytte Arv Håndverksmjøl,"Glutenfri, 500 g"
46,mel-og-bakeingredienser,mel-og-sukker,"kr 55,30","kr 110,60 per kg",Holmen Jytte Fibra Håndverksmjøl,"Glutenfri, 500 g"
47,mel-og-bakeingredienser,mel-og-sukker,"kr 18,50","kr 18,50 per kg",Hvetemel Sammalt,"Økologisk, 1 kg"
48,mel-og-bakeingredienser,mel-og-sukker,"kr 16,60","kr 16,60 per kg",Hvetemel Siktet,"Økologisk, 1 kg"
49,mel-og-bakeingredienser,mel-og-sukker,"kr 35,60","kr 71,20 per kg",Kandissukker Store Biter,500 g
50,mel-og-bakeingredienser,mel-og-sukker,"kr 61,10","kr 203,67 per kg",Kokossukker,300 g
51,mel-og-bakeingredienser,mel-og-sukker,"kr 81,90","kr 81,90 per kg",Maismel,1 kg
52,mel-og-bakeingredienser,mel-og-sukker,"kr 41,50","kr 83,00 per kg",Nirus Kikertemel,500 g
53,mel-og-bakeingredienser,mel-og-sukker,"kr 38,80","kr 310,40 per kg",Panko Brødkumme,"Brødsmuler, 125 g"
54,mel-og-bakeingredienser,mel-og-sukker,"kr 22,70","kr 45,40 per kg",Råsukkerbit,500 g
55,mel-og-bakeingredienser,mel-og-sukker,"kr 27,30","kr 0,27 per stk",Søtningstabletter,100 stk
56,mel-og-bakeingredienser,mel-og-sukker,"kr 43,50","kr 0,44 per stk",Søtningstabletter,"Med Stevia, 100 stk"
57,mel-og-bakeingredienser,mel-og-sukker,"kr 34,60","kr 34,60 per kg",Sukker,"Økologisk, 1 kg"
58,mel-og-bakeingredienser,mel-og-sukker,"kr 44,90","kr 44,90 per kg",Økologisk Siktet Landhvete,1 kg
59,mel-og-bakeingredienser,mel-og-sukker,"kr 44,90","kr 44,90 per kg",Økologisk Speltmel Siktet,1 kg
60,mel-og-bakeingredienser,mel-og-sukker,"kr 36,90","kr 36,90 per kg",Siktet Hvetemel,"Økologisk, 1 kg"
61,mel-og-bakeingredienser,mel-og-sukker,"kr 49,80","kr 49,80 per kg",Pizzamel tipo-00,1 kg
62,mel-og-bakeingredienser,mel-og-sukker,"kr 42,90","kr 85,80 per kg",Økologisk Perle Emmer,500 g
63,mel-og-bakeingredienser,mel-og-sukker,"kr 34,50","kr 34,50 per kg",Caputo Pizzamel Manitoba,1 kg
64,mel-og-bakeingredienser,mel-og-sukker,"kr 59,90","kr 59,90 per kg",Økologisk Emmer Grovmalt,1 kg
0,mel-og-bakeingredienser,ferdigmikser,"kr 30,20","kr 31,79 per kg",Pepperkakedeig,950 g
1,mel-og-bakeingredienser,ferdigmikser,"kr 39,90","kr 136,18 per kg",Muffins Triple Chocolate Chip,293 g
2,mel-og-bakeingredienser,ferdigmikser,"kr 52,80","kr 61,83 per kg",Sjokoladekake,"Langpanne, 854 g"
3,mel-og-bakeingredienser,ferdigmikser,"kr 39,80","kr 117,06 per kg",Kremet Sjokoladeglasur,340 g
4,mel-og-bakeingredienser,ferdigmikser,"kr 35,80","kr 128,78 per kg",Sjokoladeglasur Langpanne,278 g
5,mel-og-bakeingredienser,ferdigmikser,"kr 34,30","kr 103,63 per kg",Muffins Mix,"Lyse muffins, 331 g"
6,mel-og-bakeingredienser,ferdigmikser,"kr 26,60","kr 118,75 per kg",Grove Vafler,224 g
7,mel-og-bakeingredienser,ferdigmikser,"kr 15,90","kr 64,63 per kg",Vafler,246 g
8,mel-og-bakeingredienser,ferdigmikser,"kr 39,40","kr 117,61 per kg",Muffins Mix,"Sjokolade, 335 g"
9,mel-og-bakeingredienser,ferdigmikser,"kr 32,80","kr 179,23 per kg",Lapper / Sveler,183 g
10,mel-og-bakeingredienser,ferdigmikser,"kr 26,00","kr 130,00 per kg",Grove Pannekaker,200 g
11,mel-og-bakeingredienser,ferdigmikser,"kr 35,40","kr 92,19 per kg",Eplekake Bakemiks,384 g
12,mel-og-bakeingredienser,ferdigmikser,"kr 33,80","kr 113,04 per kg",Marengs Pavlova,299 g
13,mel-og-bakeingredienser,ferdigmikser,"kr 39,40","kr 65,67 per kg",Hveteboller,600 g
14,mel-og-bakeingredienser,ferdigmikser,"kr 31,70","kr 57,43 per kg",Brownies,552 g
15,mel-og-bakeingredienser,ferdigmikser,"kr 62,80","kr 62,80 per kg",Brownies Langpanne,1 kg
16,mel-og-bakeingredienser,ferdigmikser,"kr 43,80","kr 43,80 per kg",Sjokoladekake,1 kg
17,mel-og-bakeingredienser,ferdigmikser,"kr 39,40","kr 87,56 per kg",Muffins,450 g
18,mel-og-bakeingredienser,ferdigmikser,"kr 38,30","kr 73,37 per kg",Pannekaker Familiepakning,522 g
19,mel-og-bakeingredienser,ferdigmikser,"kr 29,90","kr 49,83 per kg",Vafler,600 g
20,mel-og-bakeingredienser,ferdigmikser,"kr 23,80","kr 40,27 per kg",Vafler Familiepakning,591 g
21,mel-og-bakeingredienser,ferdigmikser,"kr 21,80","kr 21,80 per kg",Boller 1-2-3,1 kg
22,mel-og-bakeingredienser,ferdigmikser,"kr 25,80","kr 25,80 per kg",Kornbrød 1-2-3,1 kg
23,mel-og-bakeingredienser,ferdigmikser,"kr 24,80","kr 24,80 per kg",Grovbrød Mix,1 kg
24,mel-og-bakeingredienser,ferdigmikser,"kr 25,80","kr 25,80 per kg",Havrebrød 1-2-3,1 kg
25,mel-og-bakeingredienser,ferdigmikser,"kr 25,80","kr 25,80 per kg",Solsikkebrød,1 kg
26,mel-og-bakeingredienser,ferdigmikser,"kr 32,40","kr 64,80 per kg",Focaccia,500 g
27,mel-og-bakeingredienser,ferdigmikser,"kr 29,00","kr 29,00 per kg",Flerkornbrød,"Økologisk, brødmiks, 1 kg"
28,mel-og-bakeingredienser,ferdigmikser,"kr 25,00","kr 25,00 per kg",Brødmiks Kolonialbrød,"Økologisk, 1 kg"
29,mel-og-bakeingredienser,ferdigmikser,"kr 33,40","kr 96,53 per kg",Fin Kakemiks,"Glutenfri, 346 g"
30,mel-og-bakeingredienser,ferdigmikser,"kr 36,90","kr 152,48 per kg",Vafler Mix Glutenfri,242 g
31,mel-og-bakeingredienser,ferdigmikser,"kr 52,60","kr 128,61 per kg",Havrebrød Glutenfri,409 g
32,mel-og-bakeingredienser,ferdigmikser,"kr 26,40","kr 117,33 per kg",Paideig,225 g
33,mel-og-bakeingredienser,ferdigmikser,"kr 23,00","kr 51,11 per kg",Butterdeigsplater,450 g
34,mel-og-bakeingredienser,ferdigmikser,"kr 54,80","kr 219,20 per kg",Fiberbrød,"Glutenfri, 250 g"
35,mel-og-bakeingredienser,ferdigmikser,"kr 41,80","kr 321,54 per kg",Dessert Creme Brulee,130 g
36,mel-og-bakeingredienser,ferdigmikser,"kr 36,00","kr 428,57 per kg",Dessert Panna Cotta,84 g
37,mel-og-bakeingredienser,ferdigmikser,"kr 19,80","kr 157,14 per kg",Toro Glasurmiks,"Til Ostekrem, 126 g"
38,mel-og-bakeingredienser,ferdigmikser,"kr 36,80","kr 92,93 per kg",Toro Gulrotkake,396 g
39,mel-og-bakeingredienser,ferdigmikser,"kr 96,10","kr 86,58 per kg",Langpanne Sjokoladekake,"1,11 kg"
40,mel-og-bakeingredienser,ferdigmikser,"kr 18,80","kr 221,18 per kg",Sitronfromasj,85 g
41,mel-og-bakeingredienser,ferdigmikser,"kr 41,80","kr 103,21 per kg",Grove Rundstykker,"Glutenfrie, 405 g"
42,mel-og-bakeingredienser,ferdigmikser,"kr 32,80","kr 109,33 per kg",Pizzabunn,"Glutenfri, 0,3 kg"
43,mel-og-bakeingredienser,ferdigmikser,"kr 230,80","kr 253,63 per kg",Proteinpannekake Mix,910 g
44,mel-og-bakeingredienser,ferdigmikser,"kr 45,80","kr 84,81 per kg",Toro Brownies,"Glutenfri, 540 g"
45,mel-og-bakeingredienser,ferdigmikser,"kr 31,80","kr 170,05 per kg",Toro Pannekaker,"Glutenfri, 187 g"
46,mel-og-bakeingredienser,ferdigmikser,"kr 43,80","kr 83,43 per kg",Boller Glutenfri,525 g
47,mel-og-bakeingredienser,ferdigmikser,"kr 24,40","kr 122,00 per kg",Falafelpulver,200 g
48,mel-og-bakeingredienser,ferdigmikser,"kr 33,80","kr 81,64 per kg",Grovbrød med Havre,"Glutenfri, 414 g"
49,mel-og-bakeingredienser,ferdigmikser,"kr 58,00","kr 96,67 per kg",Økologisk Lys Bakemiks,"Glutenfri, 600 g"
50,mel-og-bakeingredienser,ferdigmikser,"kr 59,00","kr 98,33 per kg",Økologisk Mørk Bakemiks,"Glutenfri, 600 g"
51,mel-og-bakeingredienser,ferdigmikser,"kr 79,90","kr 79,90 per l",Fin Vaffelrøre i Beger,1 l
0,mel-og-bakeingredienser,baketilbehor,"kr 27,80","kr 278,00 per kg",Kokesjokolade Selskap,100 g
1,mel-og-bakeingredienser,baketilbehor,"kr 34,70","kr 277,60 per kg",Pynteglasur Hvit,125 g
2,mel-og-bakeingredienser,baketilbehor,"kr 14,90","kr 149,00 per kg",Kokesjokolade Mørk,100 g
3,mel-og-bakeingredienser,baketilbehor,"kr 15,30","kr 153,00 per kg",Kokesjokolade Lys,100 g
4,mel-og-bakeingredienser,baketilbehor,"kr 43,80","kr 175,20 per kg",Regia Bakekakao,250 g
5,mel-og-bakeingredienser,baketilbehor,"kr 9,90","kr 19,80 per kg",Melis,500 g
6,mel-og-bakeingredienser,baketilbehor,"kr 31,40","kr 224,29 per kg",Vaniljesukker,140 g
7,mel-og-bakeingredienser,baketilbehor,"kr 25,80","kr 184,29 per kg",Bakepulver,140 g
8,mel-og-bakeingredienser,baketilbehor,"kr 184,50","kr 18450,00 per kg",Bourbon Vaniljepulver,"Økologisk, 10 g"
9,mel-og-bakeingredienser,baketilbehor,"kr 36,30","kr 2016,67 per kg",Rålakrispulver,"Økologisk, 18 g"
10,mel-og-bakeingredienser,baketilbehor,"kr 24,80","kr 381,54 per kg",Tørrgjær Original,"5 poser, 65 g"
11,mel-og-bakeingredienser,baketilbehor,"kr 32,80","kr 546,67 per kg",Tørrgjær Søte Deiger,"5 poser, 0,06 kg"
12,mel-og-bakeingredienser,baketilbehor,"kr 24,60","kr 24,60 per stk",Pizzagjær,"5 poser, 1 stk"
13,mel-og-bakeingredienser,baketilbehor,"kr 5,80","kr 116,00 per kg",Fersk Gjær Søte Deiger,50 g
14,mel-og-bakeingredienser,baketilbehor,"kr 4,20","kr 84,00 per kg",Fersk Gjær Original,50 g
15,mel-og-bakeingredienser,baketilbehor,"kr 14,80","kr 296,00 per kg",Natron,50 g
16,mel-og-bakeingredienser,baketilbehor,"kr 23,00","kr 353,85 per kg",Hornsalt,65 g
17,mel-og-bakeingredienser,baketilbehor,"kr 20,50","kr 56,94 per kg",Kakebunn i 3 deler,360 g
18,mel-og-bakeingredienser,baketilbehor,"kr 81,90","kr 819,00 per kg",Vanilla Paste,100 g
19,mel-og-bakeingredienser,baketilbehor,"kr 45,80","kr 183,20 per kg",Hvit Sukkerfondant,250 g
20,mel-og-bakeingredienser,baketilbehor,"kr 45,90","kr 1043,18 per kg",Kakepynkt Bokstaver og Tall,44 g
21,mel-og-bakeingredienser,baketilbehor,"kr 40,00","kr 1000,00 per kg",Konditorfarger,"4 x 10g, 40 g"
22,mel-og-bakeingredienser,baketilbehor,"kr 52,30","kr 615,29 per kg",Kakepynt Silver,"4 kammer, 85 g"
23,mel-og-bakeingredienser,baketilbehor,"kr 51,80","kr 664,10 per kg",Sweetheart Strøssel,78 g
24,mel-og-bakeingredienser,baketilbehor,"kr 57,90","kr 761,84 per kg",Kakepynt Super Hero,"4 kammer, 76 g"
25,mel-og-bakeingredienser,baketilbehor,"kr 52,10","kr 521,00 per kg",Kakepynt Neon,"4 kammer, 100 g"
26,mel-og-bakeingredienser,baketilbehor,"kr 58,90","kr 709,64 per kg",Kakepynt Black & Gold,"4 kammer, 83 g"
27,mel-og-bakeingredienser,baketilbehor,"kr 61,00","kr 508,33 per kg",Sjokoladestrøssel 4 Kammer,120 g
28,mel-og-bakeingredienser,baketilbehor,"kr 21,70","kr 1446,67 per kg",Rød Geléfarge,"Konsentrert, 15 g"
29,mel-og-bakeingredienser,baketilbehor,"kr 21,70","kr 1446,67 per kg",Lilla Geléfarge,"Konsentrert, 15 g"
30,mel-og-bakeingredienser,baketilbehor,"kr 21,70","kr 1446,67 per kg",Gul Geléfarge,"Konsentrert, 15 g"
31,mel-og-bakeingredienser,baketilbehor,"kr 21,80","kr 1453,33 per kg",Blå Geléfarge,"Konsentrert, 15 g"
32,mel-og-bakeingredienser,baketilbehor,"kr 21,70","kr 1446,67 per kg",Oransje Geléfarge,"Konsentrert, 15 g"
33,mel-og-bakeingredienser,baketilbehor,"kr 21,70","kr 1446,67 per kg",Grønn Geléfarge,"Konsentrert, 15 g"
34,mel-og-bakeingredienser,baketilbehor,"kr 21,70","kr 1446,67 per kg",Sort Geléfarge,"Konsentrert, 15 g"
35,mel-og-bakeingredienser,baketilbehor,"kr 19,90","kr 1326,67 per kg",Rosa Geléfarge,"Konsentrert, 15 g"
36,mel-og-bakeingredienser,baketilbehor,"kr 21,80","kr 1147,37 per kg",Gold Writing Gel,19 g
37,mel-og-bakeingredienser,baketilbehor,"kr 65,30","kr 16325,00 per kg",Glitterspray,"Gull, 4 g"
38,mel-og-bakeingredienser,baketilbehor,"kr 21,80","kr 1147,37 per kg",Silver Writing Gel,19 g
39,mel-og-bakeingredienser,baketilbehor,"kr 59,80","kr 786,84 per kg",Writing Icing Decor,76 g
40,mel-og-bakeingredienser,baketilbehor,"kr 37,80","kr 37,80 per stk",Rainbow Mix Strøssel,50 g
41,mel-og-bakeingredienser,baketilbehor,"kr 36,80","kr 736,00 per kg",Ocean Mix Strøssel,50 g
42,mel-og-bakeingredienser,baketilbehor,"kr 36,80","kr 3,07 per stk",Perler,"Golden&Shiny, 12 stk"
43,mel-og-bakeingredienser,baketilbehor,"kr 38,40","kr 738,46 per kg",Silver Pearls Chocolate,52 g
44,mel-og-bakeingredienser,baketilbehor,"kr 25,80","kr 258,00 per kg",Daim Strøssel,100 g
45,mel-og-bakeingredienser,baketilbehor,"kr 22,50","kr 281,25 per kg",Kakefyll Vaniljesmak,80 g
46,mel-og-bakeingredienser,baketilbehor,"kr 52,20","kr 614,12 per kg",Kakepynt Christmas,"4 kammer, 85 g"
47,mel-og-bakeingredienser,baketilbehor,"kr 34,80","kr 174,00 per kg",Makronfyll,200 g
48,mel-og-bakeingredienser,baketilbehor,"kr 43,90","kr 439,00 per kg",Flerfarget Strøssel,100 g
49,mel-og-bakeingredienser,baketilbehor,"kr 18,60","kr 531,43 per kg",Freia Mandelskiver,35 g
50,mel-og-bakeingredienser,baketilbehor,"kr 41,60","kr 832,00 per kg",Hakkede Mandler,50 g
51,mel-og-bakeingredienser,baketilbehor,"kr 33,10","kr 662,00 per kg",Mandelflak,50 g
52,mel-og-bakeingredienser,baketilbehor,"kr 67,20","kr 336,00 per kg",Skivede Mandler,200 g
53,mel-og-bakeingredienser,baketilbehor,"kr 45,80","kr 763,33 per kg",Bokstaver & Tall i Sjokolade,60 g
54,mel-og-bakeingredienser,baketilbehor,"kr 21,70","kr 217,00 per kg",Geléhjerter,100 g
55,mel-og-bakeingredienser,baketilbehor,"kr 38,20","kr 1910,00 per kg",Sjokoladestjerner,20 g
56,mel-og-bakeingredienser,baketilbehor,"kr 33,80","kr 3380,00 per kg",Sugar Eyes,10 g
57,mel-og-bakeingredienser,baketilbehor,"kr 40,60","kr 81,20 per kg",Rosiner,500 g
58,mel-og-bakeingredienser,baketilbehor,"kr 42,40","kr 242,29 per l",Formfett,175 ml
0,og-desserter,i-boks,"kr 67,80","kr 75,33 per l",Royal Vanilje,"0,9 l"
1,og-desserter,i-boks,"kr 88,20","kr 98,00 per l",Royal Pistasj & Sjokolade,"0,9 l"
2,og-desserter,i-boks,"kr 81,90","kr 91,00 per l",Royal Sjokolade,"0,9 l"
3,og-desserter,i-boks,"kr 68,40","kr 76,00 per l",Royal Crème Brûlée,"0,9 l"
4,og-desserter,i-boks,"kr 73,40","kr 48,93 per l",Lykken Hestesko,"1,5 l"
5,og-desserter,i-boks,"kr 79,80","kr 169,79 per l",Sea Salt Caramel,"0,47 l"
6,og-desserter,i-boks,"kr 79,80","kr 169,79 per l",Peanut Butter Cup,"0,47 l"
7,og-desserter,i-boks,"kr 87,40","kr 185,96 per l",Candy Bar,"0,47 l"
8,og-desserter,i-boks,"kr 79,80","kr 169,79 per l",Chocolate Chip Cookie Dough,"0,47 l"
9,og-desserter,i-boks,"kr 118,90","kr 132,11 per l",Maple Walnut,"0,9 l"
10,og-desserter,i-boks,"kr 118,90","kr 132,11 per l",Vanilla Dream,"0,9 l"
11,og-desserter,i-boks,"kr 130,30","kr 144,78 per l",Caramelita,"0,9 l"
12,og-desserter,i-boks,"kr 118,90","kr 132,11 per l",Swiss Chocolate,"0,9 l"
13,og-desserter,i-boks,"kr 63,70","kr 127,40 per l",Sjokolade-Iskrem,"0,5 l"
14,og-desserter,i-boks,"kr 63,70","kr 127,40 per l",Cookies & Vanilje-Iskrem,"0,5 l"
15,og-desserter,i-boks,"kr 63,70","kr 127,40 per l",Vanilje-Iskrem,"0,5 l"
16,og-desserter,i-boks,"kr 63,70","kr 127,40 per l",Kaffe Mocca Iskrem,"0,5 l"
17,og-desserter,i-boks,"kr 63,70","kr 127,40 per l",Lakris-Iskrem,"0,5 l"
18,og-desserter,i-boks,"kr 63,70","kr 127,40 per l",Sorbet av Bringebær,"0,5 l"
19,og-desserter,i-boks,"kr 80,30","kr 160,60 per l",Sorbet av Jordbær,"0,5 l"
20,og-desserter,i-boks,"kr 63,70","kr 127,40 per l",Sorbet av Sitron,"0,5 l"
21,og-desserter,i-boks,"kr 63,70","kr 127,40 per l",Sorbet av Mango,"0,5 l"
22,og-desserter,i-boks,"kr 74,40","kr 148,80 per l",Sorbet av Kokos,"0,5 l"
23,og-desserter,i-boks,"kr 63,80","kr 127,60 per l",Sorbet av Rabarbra,"0,5 l"
24,og-desserter,i-boks,"kr 79,80","kr 159,60 per l",Vegansk Sjokolade Iskrem,"Avokado-basert, 0,5 l"
25,og-desserter,i-boks,"kr 87,90","kr 189,03 per l",Peanut Butter Cup,465 ml
26,og-desserter,i-boks,"kr 87,90","kr 189,03 per l",Chocolate Fudge Brownie Iskrem,465 ml
27,og-desserter,i-boks,"kr 90,90","kr 207,53 per l",Topped Salted Caramel Brownie Iskrem,438 ml
28,og-desserter,i-boks,"kr 87,90","kr 189,03 per l",Cookie Dough Iskrem,465 ml
29,og-desserter,i-boks,"kr 90,90","kr 195,48 per l",Non-Dairy Peanut Butter Cookie,"Melkefri, 465 ml"
30,og-desserter,i-boks,"kr 91,30","kr 196,34 per l",Non-Dairy Chocolate Fudge Brownie,"Melkefri, 465 ml"
31,og-desserter,i-boks,"kr 86,20","kr 172,40 per l",WANTED Choco Cookie Dough,"0,5 l"
32,og-desserter,i-boks,"kr 64,90","kr 72,11 per l",Vanilla Iskrem,"0,9 l"
33,og-desserter,i-boks,"kr 57,80","kr 48,17 per l",Lollipop,"1,2 l"
34,og-desserter,i-boks,"kr 62,90","kr 125,80 per l",Sorbetto Limone,"Lime, 0,5 l"
35,og-desserter,i-boks,"kr 62,90","kr 125,80 per l",Sorbetto Mango & Pasjonsfrukt,"0,5 l"
36,og-desserter,i-boks,"kr 58,00","kr 58,00 per l",Iskrem Gul Vanilje,1 l
37,og-desserter,i-boks,"kr 57,90","kr 57,90 per l",Iskrem Tiramisu,1 l
38,og-desserter,i-boks,"kr 75,10","kr 163,26 per l",Häagen Dazs Belgian Chocolate,460 ml
39,og-desserter,i-boks,"kr 64,80","kr 140,87 per l",Häagen Dazs Vanilla,460 ml
40,og-desserter,i-boks,"kr 71,20","kr 154,78 per l",Häagen Dazs Chocolate Dough Chip,460 ml
41,og-desserter,i-boks,"kr 68,00","kr 147,83 per l",Häagen Dazs Chocolate Saltet Caramel,460 ml
42,og-desserter,i-boks,"kr 68,20","kr 148,26 per l",Häagen Dazs Saltet Caramel,460 ml
43,og-desserter,i-boks,"kr 66,80","kr 145,22 per l",Häagen Dazs Strawberry Cheesecake,460 ml
44,og-desserter,i-boks,"kr 64,80","kr 140,87 per l",Häagen Dazs Cookies & Cream,460 ml
45,og-desserter,i-boks,"kr 74,80","kr 93,50 per l",Dream Caramel Brownie Blast,"0,8 l"
46,og-desserter,i-boks,"kr 80,80","kr 183,64 per l",Magnum White,440 ml
47,og-desserter,i-boks,"kr 80,80","kr 183,64 per l",Magnum Almond,440 ml
48,og-desserter,i-boks,"kr 79,30","kr 180,23 per l",Magnum Double Salted Caramel,440 ml
49,og-desserter,i-boks,"kr 79,30","kr 180,23 per l",Magnum White Chocolate & Cookies,440 ml
50,og-desserter,i-boks,"kr 54,20","kr 27,10 per l",Fløte-is Krokan,2 l
51,og-desserter,i-boks,"kr 47,20","kr 23,60 per l",Fløte-Is Vanilje,2 l
52,og-desserter,i-boks,"kr 48,80","kr 24,40 per l",Fløte-Is Tress,2 l
53,og-desserter,i-boks,"kr 89,80","kr 119,73 per l",FRI Vanilje Is med Sjokoladebiter,"Laktosefri, 750 ml"
54,og-desserter,i-boks,"kr 59,60","kr 79,47 per l",FRI Vanilje Is,"Laktosefri, 750 ml"
55,og-desserter,i-boks,"kr 49,00","kr 98,00 per l",Vaniljeis med Sjokoladebiter,"Økologisk, 0,5 l"
56,og-desserter,i-boks,"kr 69,90","kr 139,80 per l",Salt Karamellis med Pecan,"0,5 l"
57,og-desserter,i-boks,"kr 52,40","kr 65,50 per l",Lykken Riskrem,"0,8 l"
0,og-desserter,porsjonsis,"kr 89,80","kr 14,97 per stk",Snickers-Is,6 stk
1,og-desserter,porsjonsis,"kr 54,90","kr 269,12 per kg",Mars Iskrem,"4 stk, 204 g"
2,og-desserter,porsjonsis,"kr 84,10","kr 8,41 per stk",Fruitero,10 stk
3,og-desserter,porsjonsis,"kr 79,90","kr 9,99 per stk",Saftis med Fruktsmak,"8 x 65ml, 520 ml"
4,og-desserter,porsjonsis,"kr 13,70","kr 25,37 per l",Monstermat Vannis,"9 x 60ml, 540 ml"
5,og-desserter,porsjonsis,"kr 91,10","kr 15,18 per stk",Båt-is Tip Top,6 stk
6,og-desserter,porsjonsis,"kr 93,10","kr 15,52 per stk",Royal Salt Karamell Mini,6 stk
7,og-desserter,porsjonsis,"kr 119,00","kr 14,88 per stk",Magnum Classic Iskrem,"8 x 110ml, 880 ml"
8,og-desserter,porsjonsis,"kr 119,00","kr 14,88 per stk",Magnum White Chocolate Iskrem,"8 x 110ml, 880 ml"
9,og-desserter,porsjonsis,"kr 69,20","kr 11,53 per stk",Magnum Mini Mix,"6 x 55ml, 330 ml"
10,og-desserter,porsjonsis,"kr 80,90","kr 8,09 per stk",Magnum After Dinner,"10 x 35ml, 350 ml"
11,og-desserter,porsjonsis,"kr 59,90","kr 14,98 per stk",Magnum Mint Iskrem,"4 x 100ml, 400 ml"
12,og-desserter,porsjonsis,"kr 49,90","kr 69,31 per l",Sandwich Original,"6 stk, 0,72 l"
13,og-desserter,porsjonsis,"kr 54,40","kr 5,44 per stk",Pin Up Is,10 stk
14,og-desserter,porsjonsis,"kr 33,80","kr 3,38 per stk",Lollipop,10 stk
15,og-desserter,porsjonsis,"kr 29,20","kr 5,84 per stk",Krone-Is Sjokolade,"5 stk, 645 ml"
16,og-desserter,porsjonsis,"kr 29,20","kr 5,84 per stk",Krone-Is Jordbær,"5 stk, 640 ml"
17,og-desserter,porsjonsis,"kr 101,50","kr 16,92 per stk",FRI Vaniljeis med Sjokoladebiter i Kjeks,"Laktosefri, 6 stk"
18,og-desserter,porsjonsis,"kr 79,80","kr 13,30 per stk",Dream Lemon Mini,6 stk
19,og-desserter,porsjonsis,"kr 40,90","kr 6,82 per stk",Krone-Is Jordbær,"6 stk, 750 ml"
20,og-desserter,porsjonsis,"kr 40,50","kr 6,75 per stk",Krone-Is Sjokolade,"6 stk, 750 ml"
21,og-desserter,porsjonsis,"kr 95,90","kr 299,69 per kg",Gelato Sandwich 8pk,"Melkefri, 320 g"
0,og-desserter,dessert,"kr 11,90","kr 79,33 per kg",Rislunsj Med Bringebær & Rips,"Piano, 150 g"
1,og-desserter,dessert,"kr 11,80","kr 78,67 per kg",Rislunsj Med Jordbær,"Piano, 150 g"
2,og-desserter,dessert,"kr 11,90","kr 79,33 per kg",Rislunsj med Bringebær & Blåbær,"Piano, 150 g"
3,og-desserter,dessert,"kr 13,80","kr 115,97 per kg",Piano Duo Yoghurt og Nøttetoffee,119 g
4,og-desserter,dessert,"kr 21,80","kr 47,91 per kg",Nora Sviskekompott,455 g
5,og-desserter,dessert,"kr 14,40","kr 115,20 per kg",Bringebærgele,125 g
6,og-desserter,dessert,"kr 11,80","kr 94,40 per kg",Jordbærgele,125 g
7,og-desserter,dessert,"kr 18,40","kr 147,20 per kg",Sitrongele,125 g
8,og-desserter,dessert,"kr 21,80","kr 174,40 per kg",Appelsingele,125 g
9,og-desserter,dessert,"kr 28,80","kr 230,40 per kg",Blåbærgelé,125 g
10,og-desserter,dessert,"kr 40,40","kr 53,87 per l",Piano Vaniljesaus,"3pk, 0,75 l"
11,og-desserter,dessert,"kr 21,40","kr 171,20 per kg",Kiwigelé,125 g
12,og-desserter,dessert,"kr 19,60","kr 156,80 per kg",Pasjonsfruktgelé,125 g
13,og-desserter,dessert,"kr 25,60","kr 51,20 per l",Vaniljesaus Piano,"0,5 l"
14,og-desserter,dessert,"kr 25,40","kr 50,80 per l",Piano Bringebærsaus,"0,5 l"
15,og-desserter,dessert,"kr 11,80","kr 621,05 per kg",Vaniljesaus,"Til Koking, 19 g"
16,og-desserter,dessert,"kr 14,80","kr 264,29 per kg",Vaniljesaus Instant,"Uten koking, 56 g"
17,og-desserter,dessert,"kr 18,40","kr 162,83 per kg",Sjokoladepudding,113 g
18,og-desserter,dessert,"kr 27,40","kr 274,00 per kg",Sjokolademousse Sjokobiter,100 g
19,og-desserter,dessert,"kr 20,80","kr 208,00 per kg",Sjokolademousse Daim,100 g
20,og-desserter,dessert,"kr 45,60","kr 45,60 per l",Piano Karamellpudding,1 l
21,og-desserter,dessert,"kr 25,80","kr 51,60 per l",Piano Karamellpudding,"0,5 l"
22,og-desserter,dessert,"kr 18,60","kr 37,20 per l",Sjokoladepudding Piano,"0,5 l"
23,og-desserter,dessert,"kr 32,90","kr 32,90 per l",Piano Sjokoladepudding,1 l
24,og-desserter,dessert,"kr 32,80","kr 32,80 per l",Piano Bringebærgelé,1 l
25,og-desserter,dessert,"kr 33,90","kr 33,90 per l",Piano Jordbærgelé,1 l
26,og-desserter,dessert,"kr 36,80","kr 73,60 per l",Piano Jordbærsmakgelé,"0,5 l"
27,og-desserter,dessert,"kr 26,60","kr 26,60 per l",Piano Vaniljesaus,1 l
28,og-desserter,dessert,"kr 29,40","kr 58,80 per l",Piano Vaniljesaus Zero,"Uten Tilsatt Sukker, 0,5 l"
29,og-desserter,dessert,"kr 31,10","kr 62,20 per l",Piano Vaniljekrem,"0,5 l"
30,og-desserter,dessert,"kr 32,80","kr 123,31 per kg",Kos Crème Brûlée,"2x133g, 266 g"
31,og-desserter,dessert,"kr 20,80","kr 67,10 per kg",Kos Karamellpudding med Saus,310 g
32,og-desserter,dessert,"kr 21,80","kr 70,32 per kg",Kos Sjokoladepudding med Saus,"2 stk, 310 g"
33,og-desserter,dessert,"kr 14,80","kr 197,33 per kg",Karamellpudding,75 g
34,og-desserter,dessert,"kr 29,80","kr 82,78 per kg",Karamelltopping,360 g
35,og-desserter,dessert,"kr 40,80","kr 136,00 per kg",Sjokoladetopping,"Stivner på isen, 300 g"
36,og-desserter,dessert,"kr 51,40","kr 142,78 per kg",Salt Lakristopping,360 g
37,og-desserter,dessert,"kr 61,80","kr 220,71 per kg",Daim Hard Topping,280 g
38,og-desserter,dessert,"kr 45,40","kr 144,13 per kg",Melkesjokolade Topping,315 g
39,og-desserter,dessert,"kr 32,80","kr 91,11 per kg",Sjokoladetopping,360 g
40,og-desserter,dessert,"kr 46,40","kr 138,51 per kg",Jordbærtopping,335 g
41,og-desserter,dessert,"kr 54,80","kr 304,44 per kg",Gammeldagse Kokosboller,"8 stk, 180 g"
42,og-desserter,dessert,"kr 99,00","kr 8,25 per stk",Hjertevafler,"Ferdig stekt, 12 stk"
43,og-desserter,dessert,"kr 28,20","kr 41,41 per kg",Ananas i Skiver 3-pk,681 g
44,og-desserter,dessert,"kr 17,10","kr 30,27 per kg",Ananas i Biter,565 g
45,og-desserter,dessert,"kr 21,20","kr 25,85 per kg",Fruktcocktail,820 g
46,og-desserter,dessert,"kr 10,50","kr 33,65 per kg",Mandariner,"Hermetisk, 312 g"
47,og-desserter,dessert,"kr 24,00","kr 52,17 per kg",Halve Pærer,460 g
48,og-desserter,dessert,"kr 16,10","kr 39,27 per kg",Aprikoser Halve,410 g
49,og-desserter,dessert,"kr 17,40","kr 69,60 per l",Vaniljesaus Melkefri,"0,25 l"
50,og-desserter,dessert,"kr 30,10","kr 60,20 per kg",Soyadessert Mørk Sjokolade,"4x125g, 500 g"
51,og-desserter,dessert,"kr 32,00","kr 64,00 per kg",Soyadessert Vanilje,"4x125g, 500 g"
52,og-desserter,dessert,"kr 20,90","kr 83,60 per kg",Kos Jordbærsaus,250 g
53,og-desserter,dessert,"kr 52,40","kr 65,50 per l",Lykken Riskrem,"0,8 l"
54,og-desserter,dessert,"kr 33,10","kr 132,40 per kg",Mini Vannbakkels,"20 stk, 250 g"
55,og-desserter,dessert,"kr 53,30","kr 66,63 per l",Lykken Karamellpudding,"0,8 l"
56,og-desserter,dessert,"kr 18,80","kr 221,18 per kg",Sitronfromasj,85 g
57,og-desserter,dessert,"kr 18,80","kr 1342,86 per kg",Bringebærgele Uten Sukker,14 g
58,og-desserter,dessert,"kr 74,40","kr 148,80 per kg",Cheesecake Salted Caramel,500 g
59,og-desserter,dessert,"kr 46,40","kr 421,82 per kg",Crème Brûlée,110 g
60,og-desserter,dessert,"kr 22,00","kr 95,65 per kg",Karamellpudding,"Melkefri, 2 pk, 230 g"
61,og-desserter,dessert,"kr 48,40","kr 142,35 per kg",Karamellpudding,2 stk
62,og-desserter,dessert,"kr 33,10","kr 189,14 per kg",Mini-Berliner Raspberry,175 g
63,og-desserter,dessert,"kr 58,90","kr 147,25 per kg",Oreo Knust Kjeks,400 g
64,og-desserter,dessert,"kr 44,20","kr 200,91 per kg",Panna Cotta,"Ekte Italiensk, 2 porsjoner, 220 g"
65,og-desserter,dessert,"kr 44,20","kr 133,94 per kg",Panna Cotta,330 g
66,og-desserter,dessert,"kr 40,80","kr 40,80 per l",Piano Melkesjokoladepudding,1 l
67,og-desserter,dessert,"kr 29,80","kr 59,60 per l",Piano Sjokopudding,"Uten tilsatt sukker, 0,5 l"
0,kaker-kjeks-og-desserter,kjeks,"kr 18,00","kr 116,88 per kg",Oreo Kjeksrull,154 g
1,kaker-kjeks-og-desserter,kjeks,"kr 48,90","kr 244,50 per kg",Cafe Bakeriet Skogsbærdrøm,200 g
2,kaker-kjeks-og-desserter,kjeks,"kr 20,40","kr 102,00 per kg",Ritz Crackers,200 g
3,kaker-kjeks-og-desserter,kjeks,"kr 26,20","kr 116,44 per kg",Kornmo,"Original, 225 g"
4,kaker-kjeks-og-desserter,kjeks,"kr 48,90","kr 244,50 per kg",Café Bakeriet Sjokoladeterapi,200 g
5,kaker-kjeks-og-desserter,kjeks,"kr 39,90","kr 216,85 per kg",Melkesjokolade Kjeks,184 g
6,kaker-kjeks-og-desserter,kjeks,"kr 25,40","kr 123,90 per kg",Ballerina Kjeks,"Nougat, 205 g"
7,kaker-kjeks-og-desserter,kjeks,"kr 25,30","kr 126,50 per kg",Safari Original,200 g
8,kaker-kjeks-og-desserter,kjeks,"kr 29,70","kr 297,00 per kg",Tynne Speltkjeks Sætres Beste,100 g
9,kaker-kjeks-og-desserter,kjeks,"kr 26,90","kr 269,00 per kg",Sætres Beste Surdeigskjeks,100 g
10,kaker-kjeks-og-desserter,kjeks,"kr 72,80","kr 428,24 per kg",Sætres Beste,"5 Beste til Ost, 170 g"
11,kaker-kjeks-og-desserter,kjeks,"kr 38,40","kr 192,00 per kg",Sætres Beste,"Salinas, 200 g"
12,kaker-kjeks-og-desserter,kjeks,"kr 47,30","kr 259,89 per kg",Cookieglede Sjokofyll,182 g
13,kaker-kjeks-og-desserter,kjeks,"kr 46,60","kr 258,89 per kg",Sjokoklem,180 g
14,kaker-kjeks-og-desserter,kjeks,"kr 33,40","kr 231,94 per kg",Sjokopinner,144 g
15,kaker-kjeks-og-desserter,kjeks,"kr 17,60","kr 88,00 per kg",Kapteinkjeks,200 g
16,kaker-kjeks-og-desserter,kjeks,"kr 41,80","kr 174,17 per kg",Kornmo 7,"Frokostkjeks, 240 g"
17,kaker-kjeks-og-desserter,kjeks,"kr 42,40","kr 212,00 per kg",Kornmo Fullkornscookie Sjokolade,200 g
18,kaker-kjeks-og-desserter,kjeks,"kr 45,80","kr 229,00 per kg",Kornmo Fullkornscookie Tranbær,200 g
19,kaker-kjeks-og-desserter,kjeks,"kr 48,90","kr 244,50 per kg",Cafe Bakeriet Sjokoladetrio,200 g
20,kaker-kjeks-og-desserter,kjeks,"kr 73,80","kr 738,00 per kg",Minitoast m/Kvede,"Kvede, Pekannøtter & Valmuefrø, 100 g"
21,kaker-kjeks-og-desserter,kjeks,"kr 73,80","kr 738,00 per kg",Minitoast m/Kirsebær,"Kirsebær, Mandler og Linfrø, 100 g"
22,kaker-kjeks-og-desserter,kjeks,"kr 73,80","kr 738,00 per kg",Minitoast m/Aprikos,"Aprikos, Nøtter & Solsikkefrø, 100 g"
23,kaker-kjeks-og-desserter,kjeks,"kr 73,80","kr 738,00 per kg",Minitoast m/Dadler,"Dadler, Nøtter & Gresskarfrø, 100 g"
24,kaker-kjeks-og-desserter,kjeks,"kr 29,90","kr 170,86 per kg",Tom & Jerry,175 g
25,kaker-kjeks-og-desserter,kjeks,"kr 23,40","kr 117,00 per kg",Bixit,"Sjokolade, 200 g"
26,kaker-kjeks-og-desserter,kjeks,"kr 20,20","kr 67,33 per kg",Bixit Orginal,300 g
27,kaker-kjeks-og-desserter,kjeks,"kr 43,40","kr 361,67 per kg",Bixit Havrebar Mandel,"4 stk, 120 g"
28,kaker-kjeks-og-desserter,kjeks,"kr 30,40","kr 148,29 per kg",Ballerina Melkesjokolade,205 g
29,kaker-kjeks-og-desserter,kjeks,"kr 27,60","kr 125,45 per kg",Gjende,"Original, 220 g"
30,kaker-kjeks-og-desserter,kjeks,"kr 41,00","kr 224,04 per kg",Gjende Sjokolade,183 g
31,kaker-kjeks-og-desserter,kjeks,"kr 11,00","kr 55,00 per kg",Mariekjeks,200 g
32,kaker-kjeks-og-desserter,kjeks,"kr 31,80","kr 192,73 per kg",Sjokoringer,165 g
33,kaker-kjeks-og-desserter,kjeks,"kr 15,80","kr 158,00 per kg",TUC Paprika,100 g
34,kaker-kjeks-og-desserter,kjeks,"kr 15,80","kr 158,00 per kg",TUC Sour Cream & Onion,100 g
35,kaker-kjeks-og-desserter,kjeks,"kr 19,40","kr 194,00 per kg",TUC Salt,100 g
36,kaker-kjeks-og-desserter,kjeks,"kr 18,80","kr 188,00 per kg",TUC Sweet Chili,100 g
37,kaker-kjeks-og-desserter,kjeks,"kr 32,80","kr 82,00 per kg",Digestive,400 g
38,kaker-kjeks-og-desserter,kjeks,"kr 28,70","kr 114,80 per kg",Gullvafler Vanilje,250 g
39,kaker-kjeks-og-desserter,kjeks,"kr 33,90","kr 193,71 per kg",Gjende Eventyrkjeks,175 g
40,kaker-kjeks-og-desserter,kjeks,"kr 31,40","kr 251,20 per kg",Start Kjeks,125 g
41,kaker-kjeks-og-desserter,kjeks,"kr 38,20","kr 382,00 per kg",Meulen Melba Toast,100 g
42,kaker-kjeks-og-desserter,kjeks,"kr 28,40","kr 258,18 per kg",Meulen Melba Toast Rund,110 g
43,kaker-kjeks-og-desserter,kjeks,"kr 21,80","kr 145,33 per kg",Beste kräcker,150 g
44,kaker-kjeks-og-desserter,kjeks,"kr 39,80","kr 361,82 per kg",Piruett Kjeks,"Glutenfri, 110 g"
45,kaker-kjeks-og-desserter,kjeks,"kr 48,80","kr 325,33 per kg",Havre Digestive,"Glutenfri, 150 g"
46,kaker-kjeks-og-desserter,kjeks,"kr 55,80","kr 372,00 per kg",White Choco Nut Cookies,"Glutenfri, 150 g"
47,kaker-kjeks-og-desserter,kjeks,"kr 14,10","kr 23,50 per kg",Mariekjeks,600 g
48,kaker-kjeks-og-desserter,kjeks,"kr 34,70","kr 77,11 per kg",Cookies Choc Chip,450 g
49,kaker-kjeks-og-desserter,kjeks,"kr 25,40","kr 84,67 per kg",Orange Cookies,300 g
50,kaker-kjeks-og-desserter,kjeks,"kr 54,20","kr 361,33 per kg",Salted Caramel Chocolate Cookie,"Glutenfri, 150 g"
51,kaker-kjeks-og-desserter,kjeks,"kr 55,40","kr 369,33 per kg",Triple Choco Cookies,"Glutenfri, 150 g"
52,kaker-kjeks-og-desserter,kjeks,"kr 22,70","kr 78,28 per kg",Sibas Havrekjeks,290 g
53,kaker-kjeks-og-desserter,kjeks,"kr 43,30","kr 237,91 per kg",Cookieglede Mørk Myk Inni,182 g
54,kaker-kjeks-og-desserter,kjeks,"kr 31,60","kr 632,00 per kg",Fikenterte,"Tilbehør til Ost, 50 g"
55,kaker-kjeks-og-desserter,kjeks,"kr 49,80","kr 249,00 per kg",Café Bakeriet Myk Karamell,200 g
56,kaker-kjeks-og-desserter,kjeks,"kr 47,90","kr 239,50 per kg",Cafe Bakeriet Myk sjokolade,200 g
57,kaker-kjeks-og-desserter,kjeks,"kr 48,90","kr 163,00 per kg",Havrekjeks med Blåbær,300 g
58,kaker-kjeks-og-desserter,kjeks,"kr 48,90","kr 163,00 per kg",Havrekjeks med Hasselnøtter,300 g
59,kaker-kjeks-og-desserter,kjeks,"kr 48,90","kr 163,00 per kg",Havrekjeks med Kirsebær,300 g
60,kaker-kjeks-og-desserter,kjeks,"kr 48,90","kr 163,00 per kg",Havrekjeks med Mandel & Sjokolade,300 g
61,kaker-kjeks-og-desserter,kjeks,"kr 24,80","kr 157,96 per kg",Oreo Rull Dobbel,157 g
62,kaker-kjeks-og-desserter,kjeks,"kr 40,50","kr 230,11 per kg",Oreo,176 g
63,kaker-kjeks-og-desserter,kjeks,"kr 15,40","kr 233,33 per kg",Oreo,66 g
64,kaker-kjeks-og-desserter,kjeks,"kr 24,20","kr 252,08 per kg",Oreo Crispy & Thin,96 g
65,kaker-kjeks-og-desserter,kjeks,"kr 31,10","kr 323,96 per kg",Oreo Crispy & Thin Sjokolade,96 g
66,kaker-kjeks-og-desserter,kjeks,"kr 35,60","kr 231,17 per kg",Oreo Golden,154 g
67,kaker-kjeks-og-desserter,kjeks,"kr 33,80","kr 293,91 per kg",Oreo Mini,115 g
68,kaker-kjeks-og-desserter,kjeks,"kr 35,80","kr 188,42 per kg",Ritz Breaks Original,190 g
0,kaker-kjeks-og-desserter,smakaker,"kr 54,80","kr 304,44 per kg",Gammeldagse Kokosboller,"8 stk, 180 g"
1,kaker-kjeks-og-desserter,smakaker,"kr 84,20","kr 637,88 per kg",Makroner,"12 stk, 132 g"
2,kaker-kjeks-og-desserter,smakaker,"kr 27,90","kr 193,75 per kg",Brownie Bite Size,"8 biter, 144 g"
3,kaker-kjeks-og-desserter,smakaker,"kr 46,60","kr 133,14 per kg",Sjokoladekake,350 g
4,kaker-kjeks-og-desserter,smakaker,"kr 34,90","kr 99,71 per kg",Sitronkake Med Glasur,350 g
5,kaker-kjeks-og-desserter,smakaker,"kr 43,60","kr 124,57 per kg",Gulrotkake,350 g
6,kaker-kjeks-og-desserter,smakaker,"kr 74,40","kr 148,80 per kg",Cheesecake Salted Caramel,500 g
7,kaker-kjeks-og-desserter,smakaker,"kr 83,70","kr 152,18 per kg",Cheesecake Strawberry,550 g
8,kaker-kjeks-og-desserter,smakaker,"kr 33,10","kr 189,14 per kg",Mini-Berliner Raspberry,175 g
9,kaker-kjeks-og-desserter,smakaker,"kr 49,90","kr 109,67 per kg",Ostekake Toffee,455 g
10,kaker-kjeks-og-desserter,smakaker,"kr 149,00","kr 259,58 per kg",Bringebær og Pistasj Pavlova,574 g
11,kaker-kjeks-og-desserter,smakaker,"kr 40,50","kr 96,43 per kg",Kanelsnurrer,"12 stk, 420 g"
12,kaker-kjeks-og-desserter,smakaker,"kr 70,10","kr 175,25 per kg",Mandelkake Suksess,400 g
13,kaker-kjeks-og-desserter,smakaker,"kr 33,10","kr 132,40 per kg",Mini Vannbakkels,"20 stk, 250 g"
14,kaker-kjeks-og-desserter,smakaker,"kr 32,60","kr 90,56 per kg",Croissant,"6 stk, 360 g"
15,kaker-kjeks-og-desserter,smakaker,"kr 80,30","kr 191,19 per kg",Peanøtt & Karamellkake,420 g
16,kaker-kjeks-og-desserter,smakaker,"kr 38,00","kr 92,68 per kg",Soft Brownie,410 g
17,kaker-kjeks-og-desserter,smakaker,"kr 96,90","kr 242,25 per kg",Sjokoladekake,"Glutenfri, 400 g"
18,kaker-kjeks-og-desserter,smakaker,"kr 39,40","kr 96,57 per kg",Bakeverket Smultringer,"12 stk, 408 g"
19,kaker-kjeks-og-desserter,smakaker,"kr 38,90","kr 194,50 per kg",Sjokomums,"4 stk, 200 g"
20,kaker-kjeks-og-desserter,smakaker,"kr 40,40","kr 192,38 per kg",Terteskjell,210 g
21,kaker-kjeks-og-desserter,smakaker,"kr 38,20","kr 141,48 per kg",Eplekake,"Med Eplesyltetøy, 270 g"
22,kaker-kjeks-og-desserter,smakaker,"kr 38,20","kr 141,48 per kg",Sjokoladekake,"Med Sjokobiter, 270 g"
23,kaker-kjeks-og-desserter,smakaker,"kr 38,20","kr 141,48 per kg",Sitronkake Bringebær,270 g
24,kaker-kjeks-og-desserter,smakaker,"kr 34,90","kr 126,91 per kg",Warburtons Crumpets,"6 stk, 275 g"
25,kaker-kjeks-og-desserter,smakaker,"kr 31,60","kr 632,00 per kg",Fikenterte,"Tilbehør til Ost, 50 g"
26,kaker-kjeks-og-desserter,smakaker,"kr 398,90","kr 443,22 per kg",Kransekake,"18 ringer, 900 g"
27,kaker-kjeks-og-desserter,smakaker,"kr 39,90","kr 63,33 per kg",Smultringer i Boks,"18 stk, 630 g"
28,kaker-kjeks-og-desserter,smakaker,"kr 41,40","kr 110,40 per kg",Bertil Pepperkaker,375 g
29,kaker-kjeks-og-desserter,smakaker,"kr 178,60","kr 297,67 per kg",Åmli 5 Sorter Julekaker,600 g
30,kaker-kjeks-og-desserter,smakaker,"kr 39,90","kr 114,00 per kg",Kokostopper med Sjokolade,350 g
31,kaker-kjeks-og-desserter,smakaker,"kr 41,40","kr 138,00 per kg",Sirupsnipper,300 g
32,kaker-kjeks-og-desserter,smakaker,"kr 38,80","kr 107,78 per kg",Kokostopper,360 g
33,kaker-kjeks-og-desserter,smakaker,"kr 41,40","kr 138,00 per kg",Serinakaker,300 g
34,kaker-kjeks-og-desserter,smakaker,"kr 9,90","kr 33,00 per kg",Pepperkaker,300 g
35,kaker-kjeks-og-desserter,smakaker,"kr 39,90","kr 145,09 per kg",Berlinerkranser,275 g
36,kaker-kjeks-og-desserter,smakaker,"kr 42,80","kr 142,67 per kg",Havreflarn,300 g
37,kaker-kjeks-og-desserter,smakaker,"kr 59,80","kr 249,17 per kg",Krumkaker,240 g
38,kaker-kjeks-og-desserter,smakaker,"kr 39,90","kr 133,00 per kg",Sjokoladehavreflarn,300 g
0,kaker-kjeks-og-desserter,boller-og-lefser,"kr 20,70","kr 69,00 per kg",Gifflar Kanel,300 g
1,kaker-kjeks-og-desserter,boller-og-lefser,"kr 13,50","kr 61,36 per kg",Lefsegodt,"2 stk, 220 g"
2,kaker-kjeks-og-desserter,boller-og-lefser,"kr 40,50","kr 96,43 per kg",Kanelsnurrer,"12 stk, 420 g"
3,kaker-kjeks-og-desserter,boller-og-lefser,"kr 13,50","kr 56,25 per kg",Lefsegodt Kanel,"2 stk, 240 g"
4,kaker-kjeks-og-desserter,boller-og-lefser,"kr 32,60","kr 90,56 per kg",Croissant,"6 stk, 360 g"
5,kaker-kjeks-og-desserter,boller-og-lefser,"kr 73,80","kr 320,87 per kg",Kanelboller Glutenfri,230 g
6,kaker-kjeks-og-desserter,boller-og-lefser,"kr 75,20","kr 268,57 per kg",Kanelsnurrer,"Glutenfri, 280 g"
7,kaker-kjeks-og-desserter,boller-og-lefser,"kr 34,90","kr 105,76 per kg",Lefsegodt,"6 stk, 330 g"
8,kaker-kjeks-og-desserter,boller-og-lefser,"kr 20,80","kr 80,00 per kg",Klenning Smørkrem,260 g
0,snacks-og-godteri,potetchips-og-snacks,"kr 39,90","kr 166,25 per kg",Julegull Rifla Havsalt,240 g
1,snacks-og-godteri,potetchips-og-snacks,"kr 28,70","kr 155,14 per kg",Tortillachips,"Ost, 185 g"
2,snacks-og-godteri,potetchips-og-snacks,"kr 39,70","kr 168,94 per kg",Cheez Doodles,"Original, 235 g"
3,snacks-og-godteri,potetchips-og-snacks,"kr 20,30","kr 169,17 per kg",Cheez Doodles,120 g
4,snacks-og-godteri,potetchips-og-snacks,"kr 19,70","kr 82,08 per kg",Potetgull Classic Salt,240 g
5,snacks-og-godteri,potetchips-og-snacks,"kr 24,90","kr 124,50 per kg",Spicy Cheddar,200 g
6,snacks-og-godteri,potetchips-og-snacks,"kr 41,60","kr 166,40 per kg",Potetchips Salt,250 g
7,snacks-og-godteri,potetchips-og-snacks,"kr 39,40","kr 157,60 per kg",Potetchips Salt & Pepper,250 g
8,snacks-og-godteri,potetchips-og-snacks,"kr 30,80","kr 154,00 per kg",Mexican Fiesta Kims,200 g
9,snacks-og-godteri,potetchips-og-snacks,"kr 30,80","kr 154,00 per kg",Potetchips Sourcream & Onion,200 g
10,snacks-og-godteri,potetchips-og-snacks,"kr 39,40","kr 157,60 per kg",Potetchips Paprika,250 g
11,snacks-og-godteri,potetchips-og-snacks,"kr 50,80","kr 282,22 per kg",Snack Chips,180 g
12,snacks-og-godteri,potetchips-og-snacks,"kr 33,50","kr 239,29 per kg",Superchips Holiday,140 g
13,snacks-og-godteri,potetchips-og-snacks,"kr 33,80","kr 241,43 per kg",Superchips Paprika,140 g
14,snacks-og-godteri,potetchips-og-snacks,"kr 28,90","kr 206,43 per kg",Superchips,"Salt, 140 g"
15,snacks-og-godteri,potetchips-og-snacks,"kr 47,90","kr 354,81 per kg",Supermix Paprika,135 g
16,snacks-og-godteri,potetchips-og-snacks,"kr 33,90","kr 169,50 per kg",Potetgull Sourcream & Paprika,200 g
17,snacks-og-godteri,potetchips-og-snacks,"kr 31,80","kr 159,00 per kg",Potetgull Sourcream & Onion,200 g
18,snacks-og-godteri,potetchips-og-snacks,"kr 26,10","kr 130,50 per kg",Potetgull Ost & Løk,200 g
19,snacks-og-godteri,potetchips-og-snacks,"kr 21,80","kr 87,20 per kg",Potetgull Paprika,250 g
20,snacks-og-godteri,potetchips-og-snacks,"kr 21,80","kr 87,20 per kg",Potetgull Classic,"Salt & Pepper, 250 g"
21,snacks-og-godteri,potetchips-og-snacks,"kr 33,50","kr 134,00 per kg",Maarud Potetgull Saftig Biff,250 g
22,snacks-og-godteri,potetchips-og-snacks,"kr 31,40","kr 174,44 per kg",Totenflak Salta,180 g
23,snacks-og-godteri,potetchips-og-snacks,"kr 33,80","kr 187,78 per kg",Totenflak Salta & Pepra,180 g
24,snacks-og-godteri,potetchips-og-snacks,"kr 17,90","kr 91,79 per kg",Havsalt,195 g
25,snacks-og-godteri,potetchips-og-snacks,"kr 28,80","kr 144,00 per kg",Spansk Paprika,200 g
26,snacks-og-godteri,potetchips-og-snacks,"kr 25,80","kr 132,31 per kg",Creme Fraiche,195 g
27,snacks-og-godteri,potetchips-og-snacks,"kr 39,90","kr 159,60 per kg",Sørlandschips Verdens Tynneste Havsalt,250 g
28,snacks-og-godteri,potetchips-og-snacks,"kr 39,90","kr 159,60 per kg",Sørlandschips Verdens Tynneste Havsalt og Pepper,250 g
29,snacks-og-godteri,potetchips-og-snacks,"kr 45,80","kr 305,33 per kg",Kettle Chips Sweet Chili,150 g
30,snacks-og-godteri,potetchips-og-snacks,"kr 47,30","kr 315,33 per kg",Kettle Chips Salt,150 g
31,snacks-og-godteri,potetchips-og-snacks,"kr 19,80","kr 264,00 per kg",Poppa Spansk Paprika,75 g
32,snacks-og-godteri,potetchips-og-snacks,"kr 41,90","kr 186,22 per kg",Potetsticks,225 g
33,snacks-og-godteri,potetchips-og-snacks,"kr 18,00","kr 81,82 per kg",Micropopcorn,"3pk, 220 g"
34,snacks-og-godteri,potetchips-og-snacks,"kr 21,80","kr 290,67 per kg",Popcorn Poppet,75 g
35,snacks-og-godteri,potetchips-og-snacks,"kr 35,00","kr 87,50 per kg",Popcorn Upoppet,400 g
36,snacks-og-godteri,potetchips-og-snacks,"kr 28,80","kr 320,00 per kg",French Fries Salt,90 g
37,snacks-og-godteri,potetchips-og-snacks,"kr 46,60","kr 282,42 per kg",Goldfish,165 g
38,snacks-og-godteri,potetchips-og-snacks,"kr 37,80","kr 148,24 per kg",Digg Salsa Dip Medium,255 g
39,snacks-og-godteri,potetchips-og-snacks,"kr 37,80","kr 572,73 per kg",Dipmix,"Holiday, 3-pakk, 66 g"
40,snacks-og-godteri,potetchips-og-snacks,"kr 16,80","kr 763,64 per kg",Dipmix Holiday,22 g
41,snacks-og-godteri,potetchips-og-snacks,"kr 15,80","kr 718,18 per kg",Dipmix Hvitløk,22 g
42,snacks-og-godteri,potetchips-og-snacks,"kr 14,80","kr 672,73 per kg",Dipmix Tortilla,22 g
43,snacks-og-godteri,potetchips-og-snacks,"kr 36,80","kr 198,92 per kg",Tortilla Chips Paprika,185 g
44,snacks-og-godteri,potetchips-og-snacks,"kr 25,80","kr 139,46 per kg",Tortillachips Sea Salt,185 g
45,snacks-og-godteri,potetchips-og-snacks,"kr 19,80","kr 107,03 per kg",Tortilla Chips Chili,185 g
46,snacks-og-godteri,potetchips-og-snacks,"kr 44,90","kr 264,12 per kg",Doritos Nacho Cheese,170 g
47,snacks-og-godteri,potetchips-og-snacks,"kr 38,40","kr 207,57 per kg",Tortilla Mix,"Cheese & Hot Sweet Chili, 185 g"
48,snacks-og-godteri,potetchips-og-snacks,"kr 14,00","kr 70,00 per kg",Tortillachips Ost,200 g
49,snacks-og-godteri,potetchips-og-snacks,"kr 47,40","kr 210,67 per kg",Cheez Cruncherz,225 g
50,snacks-og-godteri,potetchips-og-snacks,"kr 44,40","kr 253,71 per kg",Lays Chips Salted,175 g
51,snacks-og-godteri,potetchips-og-snacks,"kr 29,40","kr 326,67 per kg",Potetskruer Salt,90 g
52,snacks-og-godteri,potetchips-og-snacks,"kr 28,20","kr 141,00 per kg",Pringles,"Orginal, 200 g"
53,snacks-og-godteri,potetchips-og-snacks,"kr 23,00","kr 92,00 per kg",Soletti Saltstenger,250 g
54,snacks-og-godteri,potetchips-og-snacks,"kr 13,20","kr 52,80 per kg",Saltstenger,250 g
55,snacks-og-godteri,potetchips-og-snacks,"kr 24,00","kr 96,00 per kg",Ostepop,250 g
56,snacks-og-godteri,potetchips-og-snacks,"kr 22,00","kr 55,00 per kg",Potetchips Classic Salt,400 g
57,snacks-og-godteri,potetchips-og-snacks,"kr 15,20","kr 152,00 per kg",Prima Popcorn,100 g
58,snacks-og-godteri,potetchips-og-snacks,"kr 54,40","kr 362,67 per kg",Chili Klaus chips med Chili,"Vindstyrke 8, 150 g"
59,snacks-og-godteri,potetchips-og-snacks,"kr 54,40","kr 362,67 per kg",Chili Klaus chips Med Chili,"vindstyrke 4, 150 g"
60,snacks-og-godteri,potetchips-og-snacks,"kr 29,80","kr 238,40 per kg",Crispers Maissnacks,125 g
61,snacks-og-godteri,potetchips-og-snacks,"kr 45,20","kr 376,67 per kg",I Love Hjerter Salt,120 g
62,snacks-og-godteri,potetchips-og-snacks,"kr 18,80","kr 62,67 per kg",Micropopcorn med Smør,"3pk, 300 g"
63,snacks-og-godteri,potetchips-og-snacks,"kr 23,70","kr 118,50 per kg",Partymix Paprika,200 g
64,snacks-og-godteri,potetchips-og-snacks,"kr 34,40","kr 382,22 per kg",Pombear Salt,90 g
65,snacks-og-godteri,potetchips-og-snacks,"kr 16,80","kr 280,00 per kg",Salinis - Salte Kringler,"Glutenfri, 60 g"
66,snacks-og-godteri,potetchips-og-snacks,"kr 34,80","kr 464,00 per kg",Baconsvor,75 g
67,snacks-og-godteri,potetchips-og-snacks,"kr 16,80","kr 98,82 per kg",Snack Bites,170 g
0,snacks-og-godteri,sjokolade,"kr 58,90","kr 409,03 per kg",Oreo Snøbiter,144 g
1,snacks-og-godteri,sjokolade,"kr 44,80","kr 235,79 per kg",Melkesjokolade med Pepperkaker,190 g
2,snacks-og-godteri,sjokolade,"kr 66,60","kr 406,10 per kg",Julemix Pose,164 g
3,snacks-og-godteri,sjokolade,"kr 66,60","kr 444,00 per kg",Freia Julekuler,150 g
4,snacks-og-godteri,sjokolade,"kr 39,90","kr 399,00 per kg",Julenisse,100 g
5,snacks-og-godteri,sjokolade,"kr 24,90","kr 124,50 per kg",Melkesjokolade,200 g
6,snacks-og-godteri,sjokolade,"kr 51,50","kr 273,94 per kg",Julesjokolade Tre Nøtter,188 g
7,snacks-og-godteri,sjokolade,"kr 51,50","kr 281,42 per kg",Julesjokolade Karamellstjerner,183 g
8,snacks-og-godteri,sjokolade,"kr 49,80","kr 444,64 per kg",Snøballer,"4 stk, 112 g"
9,snacks-og-godteri,sjokolade,"kr 13,20","kr 440,00 per kg",Snømann,30 g
10,snacks-og-godteri,sjokolade,"kr 44,40","kr 403,64 per kg",Marsipanpølser,"5 stk, 110 g"
11,snacks-og-godteri,sjokolade,"kr 63,60","kr 329,53 per kg",Julemarsipan,193 g
12,snacks-og-godteri,sjokolade,"kr 19,90","kr 306,15 per kg",Marsipangris med Sjokolade,65 g
13,snacks-og-godteri,sjokolade,"kr 19,90","kr 306,15 per kg",Marsipangris uten Sjokolade,65 g
14,snacks-og-godteri,sjokolade,"kr 54,80","kr 685,00 per kg",Julemandler,80 g
15,snacks-og-godteri,sjokolade,"kr 54,80","kr 685,00 per kg",Julemarsipan,80 g
16,snacks-og-godteri,sjokolade,"kr 34,90","kr 436,25 per kg",Julesjokolade Pose,80 g
17,snacks-og-godteri,sjokolade,"kr 129,00","kr 781,82 per kg",Juledragémiks Gaveeske,165 g
18,snacks-og-godteri,sjokolade,"kr 99,00","kr 198,00 per kg",Gode Ønsker,500 g
19,snacks-og-godteri,sjokolade,"kr 257,70","kr 572,67 per kg",Kong Haakon,450 g
20,snacks-og-godteri,sjokolade,"kr 309,00","kr 772,50 per kg",Gulleske,400 g
21,snacks-og-godteri,sjokolade,"kr 178,90","kr 470,79 per kg",Sfinx Medium Konfekt,380 g
22,snacks-og-godteri,sjokolade,"kr 61,40","kr 438,57 per kg",Kremtopper,140 g
23,snacks-og-godteri,sjokolade,"kr 59,80","kr 543,64 per kg",Mokkabønner,110 g
24,snacks-og-godteri,sjokolade,"kr 67,10","kr 237,94 per kg",Kvikk Lunsj 6-pk,282 g
25,snacks-og-godteri,sjokolade,"kr 24,90","kr 124,50 per kg",Kvikk Lunsj Melkesjokolade,200 g
26,snacks-og-godteri,sjokolade,"kr 24,90","kr 124,50 per kg",Melkesjokolade med Havsalt,200 g
27,snacks-og-godteri,sjokolade,"kr 29,90","kr 199,33 per kg",Stratos Storplate,150 g
28,snacks-og-godteri,sjokolade,"kr 29,90","kr 161,62 per kg",Stratos Salty Caramel Storplate,185 g
29,snacks-og-godteri,sjokolade,"kr 44,90","kr 238,83 per kg",Stratos Brownie Heaven Storplate,188 g
30,snacks-og-godteri,sjokolade,"kr 29,90","kr 192,90 per kg",Smørbukk Storplate,155 g
31,snacks-og-godteri,sjokolade,"kr 29,90","kr 159,04 per kg",Nidar Favoritter,"Blå Storplate, 188 g"
32,snacks-og-godteri,sjokolade,"kr 29,90","kr 163,39 per kg",Nidar Favoritter,"Rød Storplate, 183 g"
33,snacks-og-godteri,sjokolade,"kr 29,90","kr 166,11 per kg",Melkesjokolade,180 g
34,snacks-og-godteri,sjokolade,"kr 51,80","kr 345,33 per kg",Crispo Storplate,150 g
35,snacks-og-godteri,sjokolade,"kr 24,90","kr 124,50 per kg",Helnøtt,200 g
36,snacks-og-godteri,sjokolade,"kr 24,90","kr 124,50 per kg",Daim Melkesjokolade,200 g
37,snacks-og-godteri,sjokolade,"kr 44,80","kr 235,79 per kg",Melkesjokolade med Smil,"Karamellfudge-Havsalt, 190 g"
38,snacks-og-godteri,sjokolade,"kr 43,00","kr 215,00 per kg",Melkesjokolade Med Japp,200 g
39,snacks-og-godteri,sjokolade,"kr 24,90","kr 124,50 per kg",Firkløver,200 g
40,snacks-og-godteri,sjokolade,"kr 42,80","kr 214,00 per kg",Firkløver,"Appelsin, Nøtter og Havsalt, 200 g"
41,snacks-og-godteri,sjokolade,"kr 27,40","kr 322,35 per kg",Mørkere Melkesjokolade,"Original, 85 g"
42,snacks-og-godteri,sjokolade,"kr 27,40","kr 322,35 per kg",Mørkere Melkesjokolade,"Salt Karamell, 85 g"
43,snacks-og-godteri,sjokolade,"kr 34,80","kr 267,69 per kg",Melkesjokolade Hjerter,130 g
44,snacks-og-godteri,sjokolade,"kr 61,40","kr 222,46 per kg",Japp Smakfull Peanøtt og Karamell,276 g
45,snacks-og-godteri,sjokolade,"kr 62,60","kr 195,63 per kg",Oreo Smakfull,320 g
46,snacks-og-godteri,sjokolade,"kr 46,60","kr 258,89 per kg",Sjokoklem,180 g
47,snacks-og-godteri,sjokolade,"kr 33,40","kr 231,94 per kg",Sjokopinner,144 g
48,snacks-og-godteri,sjokolade,"kr 38,90","kr 194,50 per kg",Smash,200 g
49,snacks-og-godteri,sjokolade,"kr 67,70","kr 270,80 per kg",Bamsemums,250 g
50,snacks-og-godteri,sjokolade,"kr 29,60","kr 164,44 per kg",Non Stop,180 g
51,snacks-og-godteri,sjokolade,"kr 49,00","kr 272,22 per kg",Non Stop Melkesjokolade,180 g
52,snacks-og-godteri,sjokolade,"kr 29,80","kr 212,86 per kg",Toffin Classic,140 g
53,snacks-og-godteri,sjokolade,"kr 71,80","kr 299,17 per kg",Klassiske Venner,240 g
54,snacks-og-godteri,sjokolade,"kr 37,60","kr 268,57 per kg",Toppris Småbiter,140 g
55,snacks-og-godteri,sjokolade,"kr 38,40","kr 256,00 per kg",Oreo Småbiter,150 g
56,snacks-og-godteri,sjokolade,"kr 38,40","kr 264,83 per kg",Daim Småbiter,145 g
57,snacks-og-godteri,sjokolade,"kr 37,40","kr 249,33 per kg",Japp småbiter,150 g
58,snacks-og-godteri,sjokolade,"kr 49,90","kr 166,33 per kg",Troika Favoritter,300 g
59,snacks-og-godteri,sjokolade,"kr 65,80","kr 219,33 per kg",Nidar Favoritter Stratos,300 g
60,snacks-og-godteri,sjokolade,"kr 59,80","kr 284,76 per kg",Pops Original,210 g
61,snacks-og-godteri,sjokolade,"kr 41,90","kr 4,19 per stk",Dumle Lollipop,10 stk
62,snacks-og-godteri,sjokolade,"kr 62,10","kr 326,84 per kg",Dumle Original,190 g
63,snacks-og-godteri,sjokolade,"kr 64,80","kr 223,45 per kg",Risbrød,290 g
64,snacks-og-godteri,sjokolade,"kr 59,80","kr 181,21 per kg",Twist,330 g
65,snacks-og-godteri,sjokolade,"kr 64,80","kr 360,00 per kg",Bridge Blanding,180 g
66,snacks-og-godteri,sjokolade,"kr 48,60","kr 347,14 per kg",Fruktkjerner Bringebær,140 g
0,snacks-og-godteri,godteri,"kr 37,80","kr 171,82 per kg",Godt & Blandet Original,220 g
1,snacks-og-godteri,godteri,"kr 37,80","kr 222,35 per kg",Godt & Blandet Supersurt,170 g
2,snacks-og-godteri,godteri,"kr 43,80","kr 312,86 per kg",Godt & Blandet Original,"30 % Mindre Sukker, 140 g"
3,snacks-og-godteri,godteri,"kr 39,90","kr 234,71 per kg",Godt & Blandet Fizzypop,170 g
4,snacks-og-godteri,godteri,"kr 54,80","kr 238,26 per kg",Supermix Sur,230 g
5,snacks-og-godteri,godteri,"kr 56,40","kr 235,00 per kg",Supermix,"Original, 240 g"
6,snacks-og-godteri,godteri,"kr 54,80","kr 182,67 per kg",Stjernemix,300 g
7,snacks-og-godteri,godteri,"kr 44,90","kr 172,69 per kg",Laban Seigmenn og Seigdamer,260 g
8,snacks-og-godteri,godteri,"kr 35,60","kr 209,41 per kg",Laban Ut På Tur Alltid Sur,170 g
9,snacks-og-godteri,godteri,"kr 22,00","kr 110,00 per kg",Seigmenn,200 g
10,snacks-og-godteri,godteri,"kr 52,70","kr 351,33 per kg",Smørbukk,150 g
11,snacks-og-godteri,godteri,"kr 13,40","kr 1116,67 per kg",Hockeypulver Salt,12 g
12,snacks-og-godteri,godteri,"kr 62,40","kr 249,60 per kg",Skipper Lakrisbåter,250 g
13,snacks-og-godteri,godteri,"kr 24,50","kr 306,25 per kg",Knatter,"Markjordbær- og Blåbærsmak, 80 g"
14,snacks-og-godteri,godteri,"kr 16,40","kr 16,40 per stk",Mega Double Lolly Swizzel,1 stk
15,snacks-og-godteri,godteri,"kr 4,30","kr 4,30 per stk",Badeball Kjærlighet på Pinne,"Assortert Variant, 11 g"
16,snacks-og-godteri,godteri,"kr 6,60","kr 733,33 per kg",Tyrkisk Peber Lollipop Original,1 stk
17,snacks-og-godteri,godteri,"kr 34,80","kr 290,00 per kg",Tyrkisk Pepper,"Original, 120 g"
18,snacks-og-godteri,godteri,"kr 32,10","kr 401,25 per kg",Tyrkisk Peber Megahot,80 g
19,snacks-og-godteri,godteri,"kr 63,60","kr 181,71 per kg",Labans Nissefest,350 g
20,snacks-og-godteri,godteri,"kr 35,90","kr 179,50 per kg",Panda Lakris,200 g
21,snacks-og-godteri,godteri,"kr 27,90","kr 9,30 per stk",Smurf Fruktpastiller,"Assortert, 3 stk"
22,snacks-og-godteri,godteri,"kr 13,00","kr 520,00 per kg",Gomp Fruktpastiller,25 g
23,snacks-og-godteri,godteri,"kr 25,40","kr 362,86 per kg",Gompemix,70 g
24,snacks-og-godteri,godteri,"kr 41,90","kr 4,19 per stk",Dumle Lollipop,10 stk
25,snacks-og-godteri,godteri,"kr 29,40","kr 367,50 per kg",Knott,80 g
26,snacks-og-godteri,godteri,"kr 21,40","kr 305,71 per kg",Surt Skum,"S-märke, 70 g"
27,snacks-og-godteri,godteri,"kr 32,80","kr 205,00 per kg",Ahlgrens Biler,"Original, 160 g"
28,snacks-og-godteri,godteri,"kr 24,40","kr 406,67 per kg",Dundersalt,60 g
29,snacks-og-godteri,godteri,"kr 29,40","kr 367,50 per kg",Zoo Gele,80 g
30,snacks-og-godteri,godteri,"kr 34,40","kr 344,00 per kg",Salt Sild Original,100 g
31,snacks-og-godteri,godteri,"kr 29,90","kr 230,00 per kg",Heksehyl,130 g
32,snacks-og-godteri,godteri,"kr 26,90","kr 134,50 per kg",Marshmallows,200 g
33,snacks-og-godteri,godteri,"kr 38,80","kr 204,21 per kg",Bassetts Liquorice Allsorts,190 g
34,snacks-og-godteri,godteri,"kr 21,40","kr 267,50 per kg",Streetracer Supersur,80 g
35,snacks-og-godteri,godteri,"kr 43,20","kr 254,12 per kg",Søppeldynga,170 g
36,snacks-og-godteri,godteri,"kr 37,80","kr 302,40 per kg",Kloakslam,125 g
37,snacks-og-godteri,godteri,"kr 33,10","kr 264,80 per kg",Råtne Fisk,125 g
38,snacks-og-godteri,godteri,"kr 16,10","kr 423,68 per kg",Mentos Fruktrull,38 g
39,snacks-og-godteri,godteri,"kr 19,40","kr 388,00 per kg",Giant Love Hearts,50 g
40,snacks-og-godteri,godteri,"kr 19,80","kr 180,00 per kg",Haribo Maoam Karamell,"5 Pak, 110 g"
41,snacks-og-godteri,godteri,"kr 34,40","kr 11466,67 per kg",Pez Figur,"Assortert Figur, 3 g"
42,snacks-og-godteri,godteri,"kr 10,50","kr 10,50 per stk",Love Hearts Lipstick,"Assortert Variant, 1 stk"
43,snacks-og-godteri,godteri,"kr 33,90","kr 1130,00 per kg",Juicy Drop Pop,"Assortert Variant, 30 g"
44,snacks-og-godteri,godteri,"kr 5,40","kr 372,41 per kg",Malaco Fox Sitronkaramell,"2 biter, 14,5 g"
45,snacks-og-godteri,godteri,"kr 11,80","kr 513,04 per kg",Malaco Kick Lakrisstang,23 g
46,snacks-og-godteri,godteri,"kr 12,40","kr 539,13 per kg",Malaco Kick Sitron Lakrisstang,23 g
47,snacks-og-godteri,godteri,"kr 11,80","kr 513,04 per kg",Malaco Kick Seasalt Lakrisstang,23 g
48,snacks-og-godteri,godteri,"kr 12,60","kr 331,58 per kg",Meller Rull,38 g
49,snacks-og-godteri,godteri,"kr 10,80","kr 10,80 per stk",Giant Snap & Crackle,"Original, 1 stk"
50,snacks-og-godteri,godteri,"kr 10,80","kr 257,14 per kg",Vepsebol Jordbær,42 g
51,snacks-og-godteri,godteri,"kr 13,80","kr 431,25 per kg",Pepe Lakris,32 g
52,snacks-og-godteri,godteri,"kr 12,80","kr 474,07 per kg",Jordbærstang,"Toms, 27 g"
53,snacks-og-godteri,godteri,"kr 43,50","kr 310,71 per kg",Lakris Salt,140 g
54,snacks-og-godteri,godteri,"kr 43,50","kr 310,71 per kg",Lakris Søt,140 g
55,snacks-og-godteri,godteri,"kr 43,50","kr 310,71 per kg",Salt Lakris,"Chili & Pepper, 140 g"
56,snacks-og-godteri,godteri,"kr 42,10","kr 210,50 per kg",Sjokoladetrøfler,200 g
57,snacks-og-godteri,godteri,"kr 50,00","kr 357,14 per kg",Sjokoladekuler Lakris & Bringebær,140 g
58,snacks-og-godteri,godteri,"kr 50,00","kr 357,14 per kg",Lakriskuler med Sjokolade,140 g
59,snacks-og-godteri,godteri,"kr 50,00","kr 357,14 per kg",Lakriskuler med Karamell og Havsalt,140 g
60,snacks-og-godteri,godteri,"kr 23,40","kr 780,00 per kg",YUP Salty Caramel Salmiak Mix,30 g
61,snacks-og-godteri,godteri,"kr 22,80","kr 760,00 per kg",YUP Sour Peach Strawberry Lime Mix,30 g
62,snacks-og-godteri,godteri,"kr 39,80","kr 234,12 per kg",Gul Kamfer,170 g
63,snacks-og-godteri,godteri,"kr 32,20","kr 766,67 per kg",Werthers Original,"Drops Sukkerfri, 42 g"
0,snacks-og-godteri,notter,"kr 59,80","kr 373,75 per kg",Brente Mandler,160 g
1,snacks-og-godteri,notter,"kr 77,80","kr 288,15 per kg",Spesial Med Havsalt,270 g
2,snacks-og-godteri,notter,"kr 53,40","kr 152,57 per kg",Nøtti Frutti,"Uten Salt, 350 g"
3,snacks-og-godteri,notter,"kr 120,10","kr 136,48 per kg",Polly Peanøtter,880 g
4,snacks-og-godteri,notter,"kr 31,90","kr 96,67 per kg",Polly Peanøtter,330 g
5,snacks-og-godteri,notter,"kr 26,40","kr 160,00 per kg",Polly Peanøtter,165 g
6,snacks-og-godteri,notter,"kr 44,90","kr 172,69 per kg",Turmiks,"Nøtter & Sjokolade, 260 g"
7,snacks-og-godteri,notter,"kr 34,60","kr 115,33 per kg",Polly Peanøtter Lettsaltet,300 g
8,snacks-og-godteri,notter,"kr 70,80","kr 442,50 per kg",Cashew Mosambik,160 g
9,snacks-og-godteri,notter,"kr 42,40","kr 530,00 per kg",Yoghurtnøtter,80 g
10,snacks-og-godteri,notter,"kr 44,80","kr 358,40 per kg",Polly Ovnsristede Mandler,"Småsulten, 125 g"
11,snacks-og-godteri,notter,"kr 20,90","kr 348,33 per kg",Småsulten Nøtter & Bær,60 g
12,snacks-og-godteri,notter,"kr 22,40","kr 373,33 per kg",Småsulten Nøttemiks,60 g
13,snacks-og-godteri,notter,"kr 20,60","kr 343,33 per kg",Småsulten Nøtter & Frukt,60 g
14,snacks-og-godteri,notter,"kr 16,40","kr 468,57 per kg",Småsulten Maisnøtter,35 g
15,snacks-og-godteri,notter,"kr 32,80","kr 109,33 per kg",Peanøtter,"Røstet & Saltet, 300 g"
16,snacks-og-godteri,notter,"kr 71,00","kr 473,33 per kg",Cashewnøtter Økologisk,"Usaltet, 150 g"
17,snacks-og-godteri,notter,"kr 79,60","kr 530,67 per kg",Hasselnøtter,"Økologisk, 150 g"
18,snacks-og-godteri,notter,"kr 19,90","kr 79,60 per kg",Mandler,250 g
19,snacks-og-godteri,notter,"kr 35,50","kr 142,00 per kg",Hasselnøttkjerner,250 g
20,snacks-og-godteri,notter,"kr 48,80","kr 244,00 per kg",Valnøttkjerner,200 g
21,snacks-og-godteri,notter,"kr 18,60","kr 67,64 per kg",Peanøtter,275 g
22,snacks-og-godteri,notter,"kr 39,00","kr 222,86 per kg",Cashewnøtter,175 g
23,snacks-og-godteri,notter,"kr 26,00","kr 148,57 per kg",Chilinøtter,175 g
24,snacks-og-godteri,notter,"kr 43,20","kr 246,86 per kg",Pistasjnøtter,175 g
25,snacks-og-godteri,notter,"kr 38,20","kr 63,67 per kg",Nøtte- & Fruktmix,600 g
26,snacks-og-godteri,notter,"kr 27,90","kr 139,50 per kg",Røstede Peanøtter og Mandler,"Pepper & Balsamico, 200 g"
27,snacks-og-godteri,notter,"kr 50,00","kr 333,33 per kg",Økologiske Valnøtter,150 g
28,snacks-og-godteri,notter,"kr 55,40","kr 426,15 per kg",Økologiske Cashewnøtter,"Rå, Usaltet, 130 g"
29,snacks-og-godteri,notter,"kr 89,10","kr 89,10 per kg",Peanøtter,"Ristet, Usaltet, 1 kg"
30,snacks-og-godteri,notter,"kr 50,00","kr 285,71 per kg",Røkte Og Salte Mandler,175 g
31,snacks-og-godteri,notter,"kr 12,80","kr 232,73 per kg",Cashewnøtter,55 g
32,snacks-og-godteri,notter,"kr 10,00","kr 166,67 per kg",Nøtte- og Fruktmix,60 g
33,snacks-og-godteri,notter,"kr 13,30","kr 266,00 per kg",Turmix M/Sjokolade,50 g
34,snacks-og-godteri,notter,"kr 11,10","kr 222,00 per kg",Rema 1000 Proteinmix,50 g
35,snacks-og-godteri,notter,"kr 12,80","kr 256,00 per kg",Mandler,"Saltet Og Ristet, 50 g"
0,snacks-og-godteri,tyggis-og-pastiller,"kr 47,80","kr 569,05 per kg",Extra White Sweetmint,84 g
1,snacks-og-godteri,tyggis-og-pastiller,"kr 59,00","kr 694,12 per kg",Tyggis Frisk Pust Peppermint,"Boks, 85 g"
2,snacks-og-godteri,tyggis-og-pastiller,"kr 49,30","kr 704,29 per kg",Extra Sweet Mint,"5 stk, 70 g"
3,snacks-og-godteri,tyggis-og-pastiller,"kr 48,60","kr 694,29 per kg",Extra Spearmint,"5-pakk, 70 g"
4,snacks-og-godteri,tyggis-og-pastiller,"kr 14,40","kr 423,53 per kg",Ifa Salt Lakris,34 g
5,snacks-og-godteri,tyggis-og-pastiller,"kr 32,20","kr 766,67 per kg",Werthers Original,"Drops Sukkerfri, 42 g"
6,snacks-og-godteri,tyggis-og-pastiller,"kr 15,80","kr 718,18 per kg",Fusion Strawberry & Lime,22 g
7,snacks-og-godteri,tyggis-og-pastiller,"kr 17,40","kr 756,52 per kg",Stimorol Max Duo Spearmint,23 g
8,snacks-og-godteri,tyggis-og-pastiller,"kr 16,80","kr 763,64 per kg",Stimorol Max Spearmint,22 g
9,snacks-og-godteri,tyggis-og-pastiller,"kr 15,80","kr 718,18 per kg",Stimorol Fusion Vanilla Mint,22 g
10,snacks-og-godteri,tyggis-og-pastiller,"kr 15,80","kr 790,00 per kg",Stimorol Max Blueberry,20 g
11,snacks-og-godteri,tyggis-og-pastiller,"kr 29,70","kr 495,00 per kg",Doc Halslinser Honning-Lakris,60 g
12,snacks-og-godteri,tyggis-og-pastiller,"kr 23,60","kr 393,33 per kg",Doc Halslinser,"Original, 60 g"
13,snacks-og-godteri,tyggis-og-pastiller,"kr 29,00","kr 483,33 per kg",Doc Halslinser,"Eucalyptus, 60 g"
14,snacks-og-godteri,tyggis-og-pastiller,"kr 35,80","kr 716,00 per kg",Ricola Original Med Stevia,50 g
15,snacks-og-godteri,tyggis-og-pastiller,"kr 36,80","kr 736,00 per kg",Ricola Tranebær,50 g
16,snacks-og-godteri,tyggis-og-pastiller,"kr 56,80","kr 2,37 per stk",Halstabletter med Honning & Sitron,"Sukkerfri, 60 g"
17,snacks-og-godteri,tyggis-og-pastiller,"kr 21,80","kr 872,00 per kg",Fisherman's Friend Mint,25 g
18,snacks-og-godteri,tyggis-og-pastiller,"kr 18,40","kr 736,00 per kg",Fisherman's Friend,"Salmiak, 25 g"
19,snacks-og-godteri,tyggis-og-pastiller,"kr 21,30","kr 852,00 per kg",Fisherman's Friend Raspberry,25 g
20,snacks-og-godteri,tyggis-og-pastiller,"kr 18,00","kr 900,00 per kg",Fisherman's Friend,"Original, 20 g"
21,snacks-og-godteri,tyggis-og-pastiller,"kr 22,00","kr 3859,65 per kg",Frisk Eucalyptus Menthol,"5,7 g"
22,snacks-og-godteri,tyggis-og-pastiller,"kr 50,40","kr 730,43 per kg",Extra Mega Cubes Spearmint,"30 stk, 69 g"
23,snacks-og-godteri,tyggis-og-pastiller,"kr 14,60","kr 1042,86 per kg",Extra Sweet Fruit,"Sukkerfri, 14 g"
24,snacks-og-godteri,tyggis-og-pastiller,"kr 15,80","kr 1128,57 per kg",Extra Watermelon,14 g
25,snacks-og-godteri,tyggis-og-pastiller,"kr 17,20","kr 1228,57 per kg",Extra Salty Licorice,14 g
26,snacks-og-godteri,tyggis-og-pastiller,"kr 14,00","kr 1000,00 per kg",Extra Strong Menthol,14 g
27,snacks-og-godteri,tyggis-og-pastiller,"kr 18,00","kr 1285,71 per kg",Tyggis Rene Tenner,"10 stk, 14 g"
28,snacks-og-godteri,tyggis-og-pastiller,"kr 14,00","kr 1000,00 per kg",Extra Eucalyptus,14 g
29,snacks-og-godteri,tyggis-og-pastiller,"kr 14,60","kr 1042,86 per kg",Extra Superberries,14 g
30,snacks-og-godteri,tyggis-og-pastiller,"kr 18,00","kr 1285,71 per kg",Tyggis Frisk Pust,"10 stk, 14 g"
31,snacks-og-godteri,tyggis-og-pastiller,"kr 14,60","kr 1042,86 per kg",Extra Spearmint,"Sukkerfri, 14 g"
32,snacks-og-godteri,tyggis-og-pastiller,"kr 14,60","kr 1042,86 per kg",Extra Sweet Mint,14 g
33,snacks-og-godteri,tyggis-og-pastiller,"kr 14,60","kr 1042,86 per kg",Extra Pro White Spearmint,14 g
34,snacks-og-godteri,tyggis-og-pastiller,"kr 16,40","kr 468,57 per kg",Hubba Bubba Original,35 g
35,snacks-og-godteri,tyggis-og-pastiller,"kr 16,80","kr 700,00 per kg",Dent Trio,24 g
36,snacks-og-godteri,tyggis-og-pastiller,"kr 15,80","kr 658,33 per kg",Dent Eukalyptus,24 g
37,snacks-og-godteri,tyggis-og-pastiller,"kr 17,20","kr 716,67 per kg",Salt Lakris,24 g
38,snacks-og-godteri,tyggis-og-pastiller,"kr 24,60","kr 984,00 per kg",Dent Crush Lakris,25 g
39,snacks-og-godteri,tyggis-og-pastiller,"kr 22,60","kr 904,00 per kg",Dent Crush Bringebær,25 g
40,snacks-og-godteri,tyggis-og-pastiller,"kr 25,10","kr 1004,00 per kg",Crush Fersken,25 g
41,snacks-og-godteri,tyggis-og-pastiller,"kr 13,60","kr 544,00 per kg",Läkerol Classic Salvi,25 g
42,snacks-og-godteri,tyggis-og-pastiller,"kr 17,40","kr 696,00 per kg",Läkerol Classic Seasalt,25 g
43,snacks-og-godteri,tyggis-og-pastiller,"kr 14,10","kr 564,00 per kg",Läkerol Classic Cactus,25 g
44,snacks-og-godteri,tyggis-og-pastiller,"kr 39,80","kr 234,12 per kg",Gul Kamfer,170 g
45,snacks-og-godteri,tyggis-og-pastiller,"kr 14,80","kr 569,23 per kg",Mynthon Original Tyggepastill,26 g
46,snacks-og-godteri,tyggis-og-pastiller,"kr 23,40","kr 780,00 per kg",YUP Salty Caramel Salmiak Mix,30 g
47,snacks-og-godteri,tyggis-og-pastiller,"kr 22,80","kr 760,00 per kg",YUP Sour Peach Strawberry Lime Mix,30 g
0,barneprodukter,bleier,"kr 56,80","kr 2,58 per stk",Libero Touch,"Tapebleie, Str.1 2-5kg, 22 stk"
1,barneprodukter,bleier,"kr 63,40","kr 1,98 per stk",Libero Touch,"Tapebleie, Str. 2 3-6kg, 32 stk"
2,barneprodukter,bleier,"kr 65,00","kr 2,32 per stk",Libero Touch,"Tapebleie, Str.3 4-8kg, 28 stk"
3,barneprodukter,bleier,"kr 62,60","kr 2,61 per stk",Libero Touch,"Tapebleie, Str.4 7-11kg, 24 stk"
4,barneprodukter,bleier,"kr 63,40","kr 2,88 per stk",Libero Touch,"Tapebleie, Str.5 10-14kg, 22 stk"
5,barneprodukter,bleier,"kr 65,80","kr 3,29 per stk",Libero Touch,"Tapebleie, Str.6 13-20kg, 20 stk"
6,barneprodukter,bleier,"kr 73,80","kr 4,10 per stk",Libero Touch,"Tapebleie, Str.7 16-26kg, 18 stk"
7,barneprodukter,bleier,"kr 63,40","kr 2,44 per stk",Comfort Str 4,"7-11 kg, 26 stk"
8,barneprodukter,bleier,"kr 63,40","kr 2,64 per stk",Comfort Str 5,"10-14 kg, 24 stk"
9,barneprodukter,bleier,"kr 63,40","kr 2,88 per stk",Comfort Str 6,"13-20 kg, 22 stk"
10,barneprodukter,bleier,"kr 62,20","kr 2,83 per stk",Libero Up&Go,"Str.5 10-14kg, 22 stk"
11,barneprodukter,bleier,"kr 63,20","kr 3,16 per stk",Libero Up&Go,"Str.6 13-20kg, 20 stk"
12,barneprodukter,bleier,"kr 62,20","kr 3,46 per stk",Libero Up&Go,"Str.7 16-26kg, 18 stk"
13,barneprodukter,bleier,"kr 62,60","kr 3,91 per stk",Libero Up&Go,"Str.8 19-30kg, 16 stk"
14,barneprodukter,bleier,"kr 20,00","kr 0,91 per stk",Pampers Premium Protection New baby,"Str.1 2-5kg, 22 stk"
15,barneprodukter,bleier,"kr 26,60","kr 0,86 per stk",Pampers Premium Protection New baby,"Str.2 4-8kg, 31 stk"
16,barneprodukter,bleier,"kr 100,50","kr 2,01 per stk",Bleie premium protection,"Str.3 6-10kg, 50 stk"
17,barneprodukter,bleier,"kr 133,90","kr 2,23 per stk",Bleie Premium Protection,"S4 9-14kg, 60 stk"
18,barneprodukter,bleier,"kr 133,90","kr 2,58 per stk",Bleie premium protection,"S 5 11-16kg, 52 stk"
19,barneprodukter,bleier,"kr 133,90","kr 2,91 per stk",Bleie Premium Protection,"S6 13-18kg, 46 stk"
20,barneprodukter,bleier,"kr 91,70","kr 2,62 per stk",Bleie premium protection Pants,"Str.3 6-11kg, 35 stk"
21,barneprodukter,bleier,"kr 91,70","kr 2,87 per stk",Bleie premium protection Pants,"Str.4 9-15kg, 32 stk"
22,barneprodukter,bleier,"kr 93,50","kr 3,12 per stk",Bleie Premium Protection Pants,"S5 12-17kg, 30 stk"
23,barneprodukter,bleier,"kr 93,50","kr 3,34 per stk",Bleie Premium Protection Pants,"S6 15+kg, 28 stk"
24,barneprodukter,bleier,"kr 31,40","kr 1,12 per stk",Lev Vel Bleier Mini,"Str. 2 3-6kg, 28 stk"
25,barneprodukter,bleier,"kr 43,50","kr 0,78 per stk",Lev Vel Bleier Midi,"Str. 3, 5-9 kg, 56 stk"
26,barneprodukter,bleier,"kr 60,20","kr 1,20 per stk",Lev Vel Bleier Maxi,"Str. 4 7-16 kg, 50 stk"
27,barneprodukter,bleier,"kr 57,90","kr 1,32 per stk",Lev Vel Bleier Junior,"Str.5 12-25kg, 44 stk"
28,barneprodukter,bleier,"kr 62,30","kr 1,56 per stk",Lev Vel Bleier XL,"Str. 6 15-30kg, 40 stk"
29,barneprodukter,bleier,"kr 46,00","kr 1,53 per stk",Buksebleier Junior,"Str.5 10-18kg, 30 stk"
30,barneprodukter,bleier,"kr 47,60","kr 1,70 per stk",Lev Vel Buksebleier XL,"Str.6 16-26kg, 28 stk"
31,barneprodukter,bleier,"kr 88,50","kr 12,64 per stk",Sleep Tight Bedmats,7 stk
32,barneprodukter,bleier,"kr 103,60","kr 10,36 per stk",Libero Sleep Tight,"S9, 22-37 kg, 10 stk"
33,barneprodukter,bleier,"kr 103,60","kr 11,51 per stk",Libero Sleep Tight,"S 10 35-60 kg, 9 stk"
34,barneprodukter,bleier,"kr 34,90","kr 5,82 per stk",Libero Swimpants Medium,"Fra 10-16 kg, 6 stk"
35,barneprodukter,bleier,"kr 32,00","kr 5,33 per stk",Libero Swimpants Small,"Fra 7-12 kg, 6 stk"
36,barneprodukter,bleier,"kr 23,80","kr 3,97 per stk",Stelleunderlag,6 stk
37,barneprodukter,bleier,"kr 21,30","kr 0,47 per stk",Bleieposer,45 stk
0,barneprodukter,grot,"kr 46,20","kr 171,11 per kg",Min Grøt Mild Havre,"Fra 4 mnd, 270 g"
1,barneprodukter,grot,"kr 36,80","kr 153,33 per kg",Min Glutenfri Grøt Eple & Banan,"Fra 4 mnd, 240 g"
2,barneprodukter,grot,"kr 71,80","kr 149,58 per kg",Min Grøt Havre Pære Banan,"Fra 6 mnd, 480 g"
3,barneprodukter,grot,"kr 71,80","kr 149,58 per kg",Min Grøt Mild Havre Bringebær,"Fra 6 mnd, 480 g"
4,barneprodukter,grot,"kr 63,80","kr 132,92 per kg",Min Grøt God Natt Havre,"Fra 6 mnd, 480 g"
5,barneprodukter,grot,"kr 71,80","kr 149,58 per kg",Min Grøt God Natt Fullkorn,"Fra 8 mnd, 480 g"
6,barneprodukter,grot,"kr 71,80","kr 149,58 per kg",Min Grøt Fullkorn Eple Gulrot,"Fra 8 mnd, 480 g"
7,barneprodukter,grot,"kr 78,90","kr 164,38 per kg",Fullkorn Yoghurt Pære Banan,"Fra 8 mnd, 480 g"
8,barneprodukter,grot,"kr 71,80","kr 149,58 per kg",Min Grøt Havre Banan Mango,"Fra 8 mnd, 480 g"
9,barneprodukter,grot,"kr 81,90","kr 170,63 per kg",Fullkorn Eksotiske Frukter,"Fra 1 år, 480 g"
10,barneprodukter,grot,"kr 79,80","kr 106,40 per kg",Min Velling Fullkorn,"Fra 12 mnd, 750 g"
11,barneprodukter,grot,"kr 64,80","kr 135,00 per kg",Junior God Natt Fullkorn med Rug,"Fra 1-3 år, 480 g"
12,barneprodukter,grot,"kr 71,80","kr 149,58 per kg",Junior Fullkorn Jordbær Banan,"Fra 1,5 år, 480 g"
13,barneprodukter,grot,"kr 51,40","kr 190,37 per kg",Mild Havregrøt,"Fra 4 mnd, 270 g"
14,barneprodukter,grot,"kr 69,80","kr 166,19 per kg",Mild Fullkornsgrøt med Banan & Plomme,"Fra 8 mnd 14 posjoner, 420 g"
15,barneprodukter,grot,"kr 79,80","kr 190,00 per kg",Havregrøt,"fra 6 mnd, 14 posjoner, 420 g"
16,barneprodukter,grot,"kr 79,40","kr 189,05 per kg",Fullkornsgrøt nøytral,"8 mnd økologisk, 420 g"
17,barneprodukter,grot,"kr 79,40","kr 189,05 per kg",Flerkornsgrøt med Bær,"Fra 12 mnd, 420 g"
18,barneprodukter,grot,"kr 73,30","kr 152,71 per kg",Havregrøt Naturell,"Fra 6 mnd, 480 g"
19,barneprodukter,grot,"kr 95,90","kr 239,75 per kg",Melkefri Grøt Mais & Banan,"Fra 6 mnd, 400 g"
20,barneprodukter,grot,"kr 65,10","kr 135,63 per kg",Fullkorngrøt Pære & Banan,"Fra 8 mnd, 480 g"
21,barneprodukter,grot,"kr 79,80","kr 150,57 per kg",Fullkornsrøt Eple & Pære,"Fra 12 mnd, 530 g"
22,barneprodukter,grot,"kr 80,90","kr 323,60 per kg","Havregrøt, Bringebær & Yoghurt","Fra 18 mnd, 250 g"
23,barneprodukter,grot,"kr 16,60","kr 166,00 per kg",Organix Grøt,"Havre, Eple, Banan, Bringebær & Blåbær, 100 g"
24,barneprodukter,grot,"kr 17,30","kr 144,17 per kg",Grøt Eple & Fersken,"Fra 6 mnd, 120 g"
25,barneprodukter,grot,"kr 23,30","kr 194,17 per kg",Grøt Jordbær & Banan,"Fra 6 mnd, 120 g"
26,barneprodukter,grot,"kr 20,00","kr 166,67 per kg",Grøt Pære & Aprikos,"Fra 6 mnd, 120 g"
27,barneprodukter,grot,"kr 14,70","kr 163,33 per kg",Lev Vel Grøt Banan & Solbær,"Fra 6 mnd, 90 g"
28,barneprodukter,grot,"kr 14,70","kr 163,33 per kg",Lev Vel Grøt Mango & Kiwi,"Fra 6 mnd, 90 g"
29,barneprodukter,grot,"kr 14,70","kr 163,33 per kg",Lev Vel Grøt Skogsbær & Quinoa,"Fra 6 mnd, 90 g"
30,barneprodukter,grot,"kr 22,30","kr 202,73 per kg",Grøt Grønnsaksmoothie,"Økologisk, 110 g"
31,barneprodukter,grot,"kr 24,20","kr 220,00 per kg",Grøt Eple Blåbæsmoothie,"Økologisk, 110 g"
0,barneprodukter,middagsglass,"kr 17,70","kr 141,60 per kg",Sviskemos,"Fra 4 mnd, 125 g"
1,barneprodukter,middagsglass,"kr 17,90","kr 143,20 per kg",NaturNes Gulrot & Potet,"4 mnd, 125 g"
2,barneprodukter,middagsglass,"kr 19,80","kr 158,40 per kg",Naturnes Parsnip Sweet Potato,"4 mnd, 125 g"
3,barneprodukter,middagsglass,"kr 20,80","kr 109,47 per kg",Spagetti Bolognese Økologisk,"Fra 6 mnd, 190 g"
4,barneprodukter,middagsglass,"kr 19,00","kr 100,00 per kg",NaturNes Lapskaus,"Fra 6 mnd, 190 g"
5,barneprodukter,middagsglass,"kr 20,80","kr 109,47 per kg",NaturNes Søtpotet & Kylling,"Fra 6 mnd, 190 g"
6,barneprodukter,middagsglass,"kr 21,80","kr 114,74 per kg",NaturNes Potetmos & Kjøttkaker,"Fra 8 mnd, 190 g"
7,barneprodukter,middagsglass,"kr 17,80","kr 93,68 per kg",NaturNes Rotfrukter med Laks,"Fra 8 mnd, 190 g"
8,barneprodukter,middagsglass,"kr 18,80","kr 96,41 per kg",Couscous med Kylling,"Fra 8 mnd, 195 g"
9,barneprodukter,middagsglass,"kr 19,20","kr 101,05 per kg",Spagetti Bolognese Økologisk,"Fra 8 mnd, 190 g"
10,barneprodukter,middagsglass,"kr 17,00","kr 87,18 per kg",Fullkorn Lasagne Økologisk,"Fra 8 mnd, 195 g"
11,barneprodukter,middagsglass,"kr 21,00","kr 110,53 per kg",NaturNes Couscous Biff,"Fra 12 mnd, 190 g"
12,barneprodukter,middagsglass,"kr 21,20","kr 111,58 per kg",Spagetti Bolognese Økologisk,"Fra 12 mnd, 190 g"
13,barneprodukter,middagsglass,"kr 17,80","kr 93,68 per kg",NaturNes Lasagne Fullkorn,"Fra 12 mnd, 190 g"
14,barneprodukter,middagsglass,"kr 21,80","kr 114,74 per kg",Naturnes Pasta med Laks,"Fra 12 mnd, 190 g"
15,barneprodukter,middagsglass,"kr 19,00","kr 86,36 per kg",Biff Stroganoff Med Pasta,"fra 1-3 år, 220 g"
16,barneprodukter,middagsglass,"kr 19,80","kr 90,00 per kg",Couscous med Laks,"1-3 år, 220 g"
17,barneprodukter,middagsglass,"kr 19,00","kr 86,36 per kg",Spaghetti Bolognese Fullkorn,"fra 1-3 år, 220 g"
18,barneprodukter,middagsglass,"kr 18,80","kr 156,67 per kg",Lasagne Spiseklar,"Fra 6 mnd, 120 g"
19,barneprodukter,middagsglass,"kr 17,40","kr 145,00 per kg",Spaghetti Bolognese Spiseklar,"Fra 6 mnd, 120 g"
20,barneprodukter,middagsglass,"kr 20,00","kr 166,67 per kg",Couscous med Kylling Spiseklar,"Fra 6 mnd, 120 g"
21,barneprodukter,middagsglass,"kr 21,30","kr 112,11 per kg",Pastagrateng med Skinke,"Fra 8 mnd, 190 g"
22,barneprodukter,middagsglass,"kr 16,60","kr 87,37 per kg",Kjøttkaker I Brun Saus,"Fra 8 mnd, 190 g"
23,barneprodukter,middagsglass,"kr 20,00","kr 105,26 per kg",Fiskegrateng,"Fra 12 mnd, 190 g"
24,barneprodukter,middagsglass,"kr 23,20","kr 122,11 per kg",Rotfrukter med Oksjekjøtt,"Fra 6 mnd, 190 g"
25,barneprodukter,middagsglass,"kr 24,80","kr 130,53 per kg",Pasta med Broccoli,"Fra 6 mnd, 190 g"
26,barneprodukter,middagsglass,"kr 19,90","kr 104,74 per kg",Grønnsaks- & Kyllinggryte,"Økologisk, fra 6 mnd, 190 g"
27,barneprodukter,middagsglass,"kr 23,80","kr 125,26 per kg",Økologiske Favorittnudler,"Fra 6 mnd, 190 g"
28,barneprodukter,middagsglass,"kr 21,40","kr 112,63 per kg",Grønnsaks- & Kalvegryte,"Økologisk, fra 8mnd, 190 g"
29,barneprodukter,middagsglass,"kr 24,80","kr 130,53 per kg",Grønnsaker & Oksekjøtt,"Fra 12 mnd, 190 g"
30,barneprodukter,middagsglass,"kr 24,90","kr 113,18 per kg",Grønnsaksrisotto & Kalkun,"Fra 12 mnd, 220 g"
31,barneprodukter,middagsglass,"kr 24,40","kr 97,60 per kg",Tortiglioni med Kjøtt,"Fra 12 mnd, 250 g"
32,barneprodukter,middagsglass,"kr 27,90","kr 27,90 per stk",Eple Gulrot + Pastinakk,"Økologisk, Fra 4 mnd, 120 g"
0,barneprodukter,smoothie-yoghurt-mellommaltid,"kr 29,90","kr 299,00 per kg",Sweety Potatoes,"fra 6 mnd økologisk, 100 g"
1,barneprodukter,smoothie-yoghurt-mellommaltid,"kr 29,90","kr 299,00 per kg",Fantastic Fruits,"fra 6 mnd økologisk, 100 g"
2,barneprodukter,smoothie-yoghurt-mellommaltid,"kr 29,90","kr 299,00 per kg",Pink Porridge,"fra 6 mnd økologisk, 100 g"
3,barneprodukter,smoothie-yoghurt-mellommaltid,"kr 16,40","kr 234,29 per kg",Banan Banan,"Fra 4 mnd, 70 g"
4,barneprodukter,smoothie-yoghurt-mellommaltid,"kr 26,70","kr 222,50 per kg",Mango Pære + Papaya,"Fra 4 mnd, 120 g"
5,barneprodukter,smoothie-yoghurt-mellommaltid,"kr 23,90","kr 199,17 per kg",Fruktris Fersken + Pære,"Fra 4 mnd, 120 g"
6,barneprodukter,smoothie-yoghurt-mellommaltid,"kr 26,40","kr 220,00 per kg",Jordbær Rabarbra + Eple,"Fra 4 mnd, 120 g"
7,barneprodukter,smoothie-yoghurt-mellommaltid,"kr 24,80","kr 206,67 per kg",Banan + Kokos,"Fra 4 mnd, 120 g"
8,barneprodukter,smoothie-yoghurt-mellommaltid,"kr 25,40","kr 211,67 per kg",Blåbær Eple Banan+Vanilje,"Fra 4 mnd, 120 g"
9,barneprodukter,smoothie-yoghurt-mellommaltid,"kr 24,90","kr 207,50 per kg",Jordbær + Eple,"Fra 4 mnd, 120 g"
10,barneprodukter,smoothie-yoghurt-mellommaltid,"kr 28,40","kr 236,67 per kg",Squash Eple + Avokado,"Fra 4 mnd, 120 g"
11,barneprodukter,smoothie-yoghurt-mellommaltid,"kr 20,30","kr 225,56 per kg",The White One Smoothie,"Fra 6 mnd, 90 g"
12,barneprodukter,smoothie-yoghurt-mellommaltid,"kr 22,00","kr 244,44 per kg",The Purple One Smoothie,"Fra 6 mnd, 90 g"
13,barneprodukter,smoothie-yoghurt-mellommaltid,"kr 18,80","kr 208,89 per kg",The Red One Smoothie,"Fra 6 mnd, 90 g"
14,barneprodukter,smoothie-yoghurt-mellommaltid,"kr 19,20","kr 213,33 per kg","The Green One, Smoothie","Fra 6 mnd, 90 g"
15,barneprodukter,smoothie-yoghurt-mellommaltid,"kr 19,00","kr 211,11 per kg",The Pink One Smoothie,"Fra 6 mnd, 90 g"
16,barneprodukter,smoothie-yoghurt-mellommaltid,"kr 22,00","kr 220,00 per kg",Frukt Yoghurt + Havre Mango,"Fra 6 mnd, 100 g"
17,barneprodukter,smoothie-yoghurt-mellommaltid,"kr 25,90","kr 259,00 per kg",Frukt Yoghurt + Havre Banan,"Fra 6 mnd, 100 g"
18,barneprodukter,smoothie-yoghurt-mellommaltid,"kr 24,40","kr 244,00 per kg","Frukt Yoghurt + Havre, Blåbær + Pære","Fra 6 mnd, 100 g"
19,barneprodukter,smoothie-yoghurt-mellommaltid,"kr 18,70","kr 207,78 per kg",Frukt Yoghurt Mango,"Fra 6 mnd, 90 g"
20,barneprodukter,smoothie-yoghurt-mellommaltid,"kr 18,70","kr 207,78 per kg",Frukt Yoghurt Jordbær,"Fra 6 mnd, 90 g"
21,barneprodukter,smoothie-yoghurt-mellommaltid,"kr 13,50","kr 150,00 per kg",Lev Vel Smoothie Jordbær & Bjørnebær,"Fra 6 mnd, 90 g"
22,barneprodukter,smoothie-yoghurt-mellommaltid,"kr 14,20","kr 157,78 per kg",Lev Vel Smoothie Kiwi & Mango,"Fra 6 mnd, 90 g"
23,barneprodukter,smoothie-yoghurt-mellommaltid,"kr 15,90","kr 176,67 per kg",Lev Vel Smoothie Søtpotet & Blåbær,"Fra 6 mnd, 90 g"
24,barneprodukter,smoothie-yoghurt-mellommaltid,"kr 14,20","kr 157,78 per kg",Lev Vel Smoothie Aprikos & Solbær,"Fra 6 mnd, 90 g"
25,barneprodukter,smoothie-yoghurt-mellommaltid,"kr 15,40","kr 171,11 per kg",Lev Vel Smoothie Skogsbær,"Fra 6 mnd, 90 g"
26,barneprodukter,smoothie-yoghurt-mellommaltid,"kr 15,80","kr 175,56 per kg",Lev Vel Yoghurt med Frukt Bær,"Fra 9 mnd, 90 g"
27,barneprodukter,smoothie-yoghurt-mellommaltid,"kr 15,80","kr 175,56 per kg",Lev Vel Yoghurt med Tropisk Frukt,"Fra 9 mnd, 90 g"
28,barneprodukter,smoothie-yoghurt-mellommaltid,"kr 13,70","kr 152,22 per kg","Min Frukt Eple, Banan&Jordbær","Smoothie, 90 g"
29,barneprodukter,smoothie-yoghurt-mellommaltid,"kr 12,60","kr 140,00 per kg",Min Frukt Eple&Bringebær Smoothie,90 g
30,barneprodukter,smoothie-yoghurt-mellommaltid,"kr 14,70","kr 163,33 per kg",Min Frukt Eple & Pære,"Smoothie, 90 g"
31,barneprodukter,smoothie-yoghurt-mellommaltid,"kr 14,00","kr 155,56 per kg",Min Grønnsak Smoothie,"Gresskar & Gulrot, Økologisk, 90 g"
32,barneprodukter,smoothie-yoghurt-mellommaltid,"kr 15,30","kr 170,00 per kg",Min Frukt Eple & Bjørnebær Smoothie,"Økologisk, 90 g"
33,barneprodukter,smoothie-yoghurt-mellommaltid,"kr 14,80","kr 164,44 per kg",NaturNes Pære,"Smoothie, 90 g"
34,barneprodukter,smoothie-yoghurt-mellommaltid,"kr 20,30","kr 184,55 per kg",Junior 4 Frukter Smoothie,110 g
35,barneprodukter,smoothie-yoghurt-mellommaltid,"kr 38,00","kr 95,00 per kg",Jogolino jordbær&banan,"Fra 10mnd, 400 g"
36,barneprodukter,smoothie-yoghurt-mellommaltid,"kr 20,80","kr 208,00 per kg","Organix Mango, Pære & Granola","Fra 6 mnd, 100 g"
37,barneprodukter,smoothie-yoghurt-mellommaltid,"kr 18,80","kr 188,00 per kg","Organix Eple, Jordbær & Quinoa",100 g
38,barneprodukter,smoothie-yoghurt-mellommaltid,"kr 18,40","kr 184,00 per kg",Organix Yoghurt Apple & Strawberry,"6 Mnd, 100 g"
39,barneprodukter,smoothie-yoghurt-mellommaltid,"kr 18,80","kr 188,00 per kg",Organix Just Apple Strawberry & Blueberry,"6 mnd, 100 g"
40,barneprodukter,smoothie-yoghurt-mellommaltid,"kr 13,90","kr 92,67 per l",Dryckis Mild Jordbærdrikk,"fra 1 år, 150 ml"
41,barneprodukter,smoothie-yoghurt-mellommaltid,"kr 13,90","kr 92,67 per l",Dryckis Mild Epledrikk,"fra 1 år, 150 ml"
42,barneprodukter,smoothie-yoghurt-mellommaltid,"kr 13,20","kr 146,67 per kg",Junior Yoghurt,"Blåbær, 90 g"
43,barneprodukter,smoothie-yoghurt-mellommaltid,"kr 13,20","kr 146,67 per kg",Junior Yoghurt,"Jordbær, 90 g"
44,barneprodukter,smoothie-yoghurt-mellommaltid,"kr 34,20","kr 34,20 per kg",Junior Yoghurt,"Fruktmiks 8 x 125g, 1000 g"
45,barneprodukter,smoothie-yoghurt-mellommaltid,"kr 13,80","kr 153,33 per kg",Skyr Mini Banan,"Pose, 90 g"
46,barneprodukter,smoothie-yoghurt-mellommaltid,"kr 13,80","kr 153,33 per kg",Skyr Mini Jordbær,"Pose, 90 g"
47,barneprodukter,smoothie-yoghurt-mellommaltid,"kr 13,80","kr 153,33 per kg",Skyr Mini Bringebær,90 g
48,barneprodukter,smoothie-yoghurt-mellommaltid,"kr 18,80","kr 150,40 per kg",Skyr Mango og Pasjonsfrukt,125 g
49,barneprodukter,smoothie-yoghurt-mellommaltid,"kr 14,80","kr 118,40 per kg",Q Frokostyoghurt Melon & Pasjonsfrukt,125 g
50,barneprodukter,smoothie-yoghurt-mellommaltid,"kr 14,80","kr 109,63 per kg",Q Barneyoghurt Bringebær,135 g
51,barneprodukter,smoothie-yoghurt-mellommaltid,"kr 14,80","kr 109,63 per kg",Q Barneyoghurt Banan,135 g
52,barneprodukter,smoothie-yoghurt-mellommaltid,"kr 14,80","kr 109,63 per kg",Q Vanilje Barneyoghurt,135 g
53,barneprodukter,smoothie-yoghurt-mellommaltid,"kr 27,80","kr 69,50 per kg",Danonino Drikkeyoghurt,"Jordbær 4x100g, 400 g"
54,barneprodukter,smoothie-yoghurt-mellommaltid,"kr 35,60","kr 89,00 per kg",Drikkeyoghurt,"Bringebær 4x100g, 400 g"
55,barneprodukter,smoothie-yoghurt-mellommaltid,"kr 19,70","kr 65,67 per kg",Yoghurt Mix No1,"6x50g, 300 g"
56,barneprodukter,smoothie-yoghurt-mellommaltid,"kr 9,70","kr 388,00 per kg",Junior Fruktstang,"Fra 12 mnd, 25 g"
57,barneprodukter,smoothie-yoghurt-mellommaltid,"kr 10,80","kr 432,00 per kg",Jr Fruktstang Havresolbærblåbær,"Fra 12 mnd, 25 g"
58,barneprodukter,smoothie-yoghurt-mellommaltid,"kr 12,90","kr 645,00 per kg",Havrebar Jordbær + Eple,"Fra 12 mnd, 20 g"
59,barneprodukter,smoothie-yoghurt-mellommaltid,"kr 26,90","kr 672,50 per kg",Skumpinne Mais & Hirse,40 g
60,barneprodukter,smoothie-yoghurt-mellommaltid,"kr 24,30","kr 607,50 per kg",Skumpinner Plomme og Eple,40 g
61,barneprodukter,smoothie-yoghurt-mellommaltid,"kr 26,90","kr 768,57 per kg",Naturnes Nutripuffs,"Tomat, 35 g"
62,barneprodukter,smoothie-yoghurt-mellommaltid,"kr 24,80","kr 1240,00 per kg",Maizepuffs Gulrot + Pastinakk,"Fra 6 mnd, 20 g"
63,barneprodukter,smoothie-yoghurt-mellommaltid,"kr 22,80","kr 1140,00 per kg",Maizepuffs Jordbær + Banan,"Fra 6 mnd, 20 g"
64,barneprodukter,smoothie-yoghurt-mellommaltid,"kr 14,00","kr 2333,33 per kg",Jordbær & Banan Smoothie Biter,"Fra 12 mnd, 6 g"
65,barneprodukter,smoothie-yoghurt-mellommaltid,"kr 14,10","kr 1175,00 per kg",Fruktsnøre Jordbær,"Fra 12 mnd, 12 g"
66,barneprodukter,smoothie-yoghurt-mellommaltid,"kr 22,80","kr 1140,00 per kg",Organix Gulrotpinner,"Fra 7 mnd, 20 g"
0,barneprodukter,morsmelkerstatning,"kr 147,70","kr 184,63 per kg",NAN Pro 1,"Fra fødselen, 800 g"
1,barneprodukter,morsmelkerstatning,"kr 148,10","kr 185,13 per kg",NAN Pro 2,"Fra 6 mnd, 800 g"
2,barneprodukter,morsmelkerstatning,"kr 148,90","kr 186,13 per kg",NAN Pro 3 Juniormelk,"Fra 12 mnd, 800 g"
3,barneprodukter,morsmelkerstatning,"kr 140,00","kr 175,00 per kg",NAN Pro 4 Juniormelk,"Fra 18 mnd, 800 g"
4,barneprodukter,morsmelkerstatning,"kr 89,80","kr 224,50 per kg",Nan 1 Sensilac,"Fra fødselen, 400 g"
5,barneprodukter,morsmelkerstatning,"kr 17,60","kr 88,00 per l",NAN Pro 1 Fra Fødsel,"Drikkeklar, 200 ml"
6,barneprodukter,morsmelkerstatning,"kr 16,40","kr 82,00 per l",NAN Pro 2 Fra 6mnd,"Drikkeklar, 200 ml"
7,barneprodukter,morsmelkerstatning,"kr 93,40","kr 155,67 per kg",Little Steps 1,"Fra 0 mnd, 600 g"
8,barneprodukter,morsmelkerstatning,"kr 111,90","kr 223,80 per kg",Combiotik Pulver 1,"Fra fødselen, 500 g"
9,barneprodukter,morsmelkerstatning,"kr 111,10","kr 222,20 per kg",Combiotik Pulver 2,"Fra 6 - 12 mnd, 500 g"
10,barneprodukter,morsmelkerstatning,"kr 119,80","kr 239,60 per kg",Combiotik Pulver 3,"Fra 10 mnd, 500 g"
11,barneprodukter,morsmelkerstatning,"kr 22,80","kr 114,00 per l",Combiotik 1,"Fra fødselen, 200 ml"
12,barneprodukter,morsmelkerstatning,"kr 22,80","kr 22,80 per stk",Combiotik 2,"Drikkeklar, 1 stk"
0,barneprodukter,vatservietter-og-sape,"kr 28,70","kr 0,29 per stk",Stellekluter Tørre,100 stk
1,barneprodukter,vatservietter-og-sape,"kr 30,60","kr 0,49 per stk",Neutral Baby Våtservietter,63 stk
2,barneprodukter,vatservietter-og-sape,"kr 20,70","kr 0,83 per stk",Våtservietter,25 stk
3,barneprodukter,vatservietter-og-sape,"kr 38,90","kr 0,61 per stk",Libero Våtserviett,64 stk
4,barneprodukter,vatservietter-og-sape,"kr 46,60","kr 0,47 per stk",Libero Vaskeklut,100 stk
5,barneprodukter,vatservietter-og-sape,"kr 13,90","kr 0,19 per stk",Våtservietter Baby,72 stk
6,barneprodukter,vatservietter-og-sape,"kr 82,60","kr 0,26 per stk",Pampers Sensitive Wipes,"4 pk, 320 stk"
7,barneprodukter,vatservietter-og-sape,"kr 22,50","kr 0,31 per stk",Bomullspinner Baby,72 stk
8,barneprodukter,vatservietter-og-sape,"kr 50,00","kr 1,00 per stk",Ammeinnlegg,50 stk
9,barneprodukter,vatservietter-og-sape,"kr 45,00","kr 180,00 per l",Neutral Kids Dusj,"Uten Parfyme, 250 ml"
10,barneprodukter,vatservietter-og-sape,"kr 38,90","kr 155,60 per l",Baby Bad,250 ml
11,barneprodukter,vatservietter-og-sape,"kr 53,80","kr 358,67 per l",Baby Olje,150 ml
12,barneprodukter,vatservietter-og-sape,"kr 46,00","kr 184,00 per l",Neutral Kids Shampo,"Uten Parfyme, 250 ml"
13,barneprodukter,vatservietter-og-sape,"kr 33,40","kr 222,67 per l",Badesåpe Baby,150 ml
14,barneprodukter,vatservietter-og-sape,"kr 33,00","kr 330,00 per l",Sinksalve,100 ml
15,barneprodukter,vatservietter-og-sape,"kr 53,60","kr 214,40 per l",Babyolje,250 ml
16,barneprodukter,vatservietter-og-sape,"kr 32,00","kr 128,00 per l",Shampo Baby,250 ml
17,barneprodukter,vatservietter-og-sape,"kr 43,00","kr 143,33 per l",Bath & Wash Cottontouch,"2 in 1, 300 ml"
18,barneprodukter,vatservietter-og-sape,"kr 43,50","kr 145,00 per l",Top-to-toe Babywash,300 ml
19,barneprodukter,vatservietter-og-sape,"kr 44,70","kr 149,00 per l",Kids Shampo,"No More Tangles, 300 ml"
20,barneprodukter,vatservietter-og-sape,"kr 38,00","kr 126,67 per l",Baby Shampo,300 ml
21,barneprodukter,vatservietter-og-sape,"kr 41,20","kr 274,67 per l",Balsamspray,"Kids, 150 ml"
22,barneprodukter,vatservietter-og-sape,"kr 48,10","kr 160,33 per l",Hair & Scalp Oil,"Cottontouch, 300 ml"
23,barneprodukter,vatservietter-og-sape,"kr 48,10","kr 160,33 per l",Bodylotion Cottontouch,300 ml
24,barneprodukter,vatservietter-og-sape,"kr 35,60","kr 356,00 per kg",Babypudder,100 g
25,barneprodukter,vatservietter-og-sape,"kr 38,80","kr 352,73 per kg",Nappy Cream Sinksalve,110 g
26,barneprodukter,vatservietter-og-sape,"kr 37,60","kr 37,60 per stk",Jordan Tannbørste,"0-2 år, Assortert Farge, 1 stk"
27,barneprodukter,vatservietter-og-sape,"kr 36,40","kr 36,40 per stk",Tannbørste,"3-5 År, Assortert farge, 1 stk"
28,barneprodukter,vatservietter-og-sape,"kr 37,50","kr 37,50 per stk",Tannbørste,"6-9 år, Assortert Farge, 1 stk"
29,barneprodukter,vatservietter-og-sape,"kr 36,50","kr 36,50 per stk",Tannbørste 0-5 år,"assortert variant, 1 stk"
30,barneprodukter,vatservietter-og-sape,"kr 27,80","kr 556,00 per l",Zendium Kids Tannkrem,"0-3 år, 50 ml"
31,barneprodukter,vatservietter-og-sape,"kr 26,70","kr 534,00 per l",Zendium Junior,"5+ år, 50 ml"
32,barneprodukter,vatservietter-og-sape,"kr 24,50","kr 490,00 per l",Barnetannkrem,"Assortert design og smak, 0-6 år, 50 ml"
33,barneprodukter,vatservietter-og-sape,"kr 53,60","kr 1,49 per bruk",Kids Flosser Kit,1 stk
34,barneprodukter,vatservietter-og-sape,"kr 60,30","kr 0,40 per stk",Fluortablett Mix,"Assorterte smaker, 150 stk"
35,barneprodukter,vatservietter-og-sape,"kr 56,60","kr 2,83 per stk",Minions Plaster,20 stk
36,barneprodukter,vatservietter-og-sape,"kr 40,60","kr 1015,00 per kg",Kløver Vaseline,40 g
37,barneprodukter,vatservietter-og-sape,"kr 17,30","kr 1,15 per stk",Lommeletter,15 stk
0,barneprodukter,smokker-og-tateflasker,"kr 100,20","kr 33,40 per stk",Smokk Original Silk Teat,"Fra 6 mnd, 3 stk"
1,barneprodukter,smokker-og-tateflasker,"kr 104,90","kr 52,45 per stk",Smokk Night,"Assortert variant, Fra 6 mnd, 2 stk"
2,barneprodukter,smokker-og-tateflasker,"kr 91,90","kr 45,95 per stk",Narresmokk air,"Tilfeldig farge, 6mnd+ silk 2stk, 2 stk"
3,barneprodukter,smokker-og-tateflasker,"kr 101,90","kr 50,95 per stk",Smokk Air Latex,"Assortert variant, Fra 16 mnd, 2 stk"
4,barneprodukter,smokker-og-tateflasker,"kr 100,90","kr 100,90 per stk",Flaskesmokk,"Fra 2 mnd, 1 stk"
5,barneprodukter,smokker-og-tateflasker,"kr 75,50","kr 37,75 per stk",Flaskesmokk,"Fra 4 mnd, 2 stk"
6,barneprodukter,smokker-og-tateflasker,"kr 65,90","kr 32,95 per stk",Avent Flaskesmokk,"Fra 6 mnd, 2 stk"
7,barneprodukter,smokker-og-tateflasker,"kr 86,90","kr 334,23 per l",Tåteflaske,"Avent, 260 ml"
8,barneprodukter,smokker-og-tateflasker,"kr 73,10","kr 270,74 per l",Tåteflaske,"Assorterte farger, 270 ml"
9,barneprodukter,smokker-og-tateflasker,"kr 96,90","kr 96,90 per stk",Kopp Trainer,"Assorterte Farger, 220ml, 1 stk"
10,barneprodukter,smokker-og-tateflasker,"kr 108,90","kr 108,90 per stk",Avent Kopp,"Tilfeldig farge, 1 stk"
11,barneprodukter,smokker-og-tateflasker,"kr 76,90","kr 76,90 per stk",Avent Kopp,"Tilfeldig Farge, 200ml, 1 stk"
12,barneprodukter,smokker-og-tateflasker,"kr 89,90","kr 89,90 per stk",Kopp,"Assorterte farger, Sølefri, 1 stk"
13,barneprodukter,smokker-og-tateflasker,"kr 84,40","kr 84,40 per stk",Kopp Mellommåltid,"Assorterte Farger, 1 stk"
14,barneprodukter,smokker-og-tateflasker,"kr 83,90","kr 20,98 per stk",Matskjeer,"Tilfeldig farge, 4 stk"
15,barneprodukter,smokker-og-tateflasker,"kr 72,40","kr 72,40 per stk",Drikkeflaske Squezze 460ml,"Tilfeldig Farge, 1 stk"
16,barneprodukter,smokker-og-tateflasker,"kr 82,90","kr 82,90 per stk",Sistema Drikkeflaske 475ml,"Tilfeldig Farge, 1 stk"
17,barneprodukter,smokker-og-tateflasker,"kr 82,90","kr 82,90 per stk",Lunch Cube To Go,"1,4l, 1 stk"
18,barneprodukter,smokker-og-tateflasker,"kr 72,40","kr 72,40 per stk",Lunch Plus,"1.2l, Tilfeldig Farge, 1 stk"
19,barneprodukter,smokker-og-tateflasker,"kr 135,60","kr 135,60 per stk",Pocket Smekke Easy Wipe,"Assortert Variant, 1 stk"
0,barneprodukter,bursdag,"kr 99,90","kr 24,98 per stk",Sugerør metall,"Gullfarget med børste, 4 stk"
1,barneprodukter,bursdag,"kr 47,70","kr 5,96 per stk",Kopper Blå,8 stk
2,barneprodukter,bursdag,"kr 17,90","kr 2,24 per stk",Pappkopp Ballonger,"250 ml, 8 stk"
3,barneprodukter,bursdag,"kr 17,90","kr 2,24 per stk",Pappkopp,"250 ml, 8 stk"
4,barneprodukter,bursdag,"kr 23,70","kr 2,96 per stk",Papptallerken Bursdag Assortert,"22 cm, 8 stk"
5,barneprodukter,bursdag,"kr 23,70","kr 2,96 per stk",Papptallerken,"22 cm, 8 stk"
6,barneprodukter,bursdag,"kr 59,50","kr 7,44 per stk",Stor Tallerken Blå,8 stk
7,barneprodukter,bursdag,"kr 48,70","kr 6,09 per stk",Liten Tallerken Blå,8 stk
8,barneprodukter,bursdag,"kr 48,70","kr 6,09 per stk",Liten Tallerken Rosa,8 stk
9,barneprodukter,bursdag,"kr 24,90","kr 3,11 per stk",Invitasjonskort,8 stk
10,barneprodukter,bursdag,"kr 13,80","kr 1,38 per stk",Ballonger,10 stk
11,barneprodukter,bursdag,"kr 21,40","kr 0,89 per stk",Kakelys,"Assortert Variant, 24 stk"
12,barneprodukter,bursdag,"kr 13,80","kr 0,69 per stk",Papirsugerør,"19,5 cm, 20 stk"
13,barneprodukter,bursdag,"kr 20,30","kr 2,54 per stk",Godtepose,8 stk
14,barneprodukter,bursdag,"kr 60,50","kr 7,56 per stk",Godteposer Blå,8 stk
15,barneprodukter,bursdag,"kr 60,50","kr 7,56 per stk",Godteposer Rosa,8 stk
16,barneprodukter,bursdag,"kr 47,70","kr 1,99 per stk",Sugerør Blå,24 stk
17,barneprodukter,bursdag,"kr 47,70","kr 1,99 per stk",Sugerør Rosa,24 stk
18,barneprodukter,bursdag,"kr 48,70","kr 2,03 per stk",Servietter Blå,24 stk
19,barneprodukter,bursdag,"kr 48,70","kr 2,03 per stk",Servietter Rosa,24 stk
20,barneprodukter,bursdag,"kr 20,30","kr 1,02 per stk",Muffinsformer med Stickers,20 stk
21,barneprodukter,bursdag,"kr 32,60","kr 0,43 per stk",Servietter Bordpakning,"Hvit & Grå, 75 stk"
0,barneprodukter,nyttig-til-barn,"kr 49,90","kr 8,32 per stk",Kontaktpropp til vegguttak,6 stk
1,barneprodukter,nyttig-til-barn,"kr 399,90","kr 399,90 per stk",Øre- og pannetermometer,"Beurer FT65, 1 stk"
2,barneprodukter,nyttig-til-barn,"kr 199,90","kr 199,90 per stk",Hørselvern Peltor,"Barn, Grønn, 1 stk"
3,barneprodukter,nyttig-til-barn,"kr 59,90","kr 9,98 per stk",Tekstilmerkepenn,6 stk
4,barneprodukter,nyttig-til-barn,"kr 499,90","kr 499,90 per stk",Trådløst headsett,"For barn, Rosa, 1 stk"
5,barneprodukter,nyttig-til-barn,"kr 499,90","kr 499,90 per stk",Trådløst headsett,"For barn, Blå, 1 stk"
6,barneprodukter,nyttig-til-barn,"kr 998,00","kr 998,00 per stk",Babycall,"SCD 506, 1 stk"
7,barneprodukter,nyttig-til-barn,"kr 79,90","kr 13,32 per stk",Skap og Skufflås,6 stk
0,barneprodukter,leker-og-aktiviteter-barn,"kr 13,80","kr 1,38 per stk",Ballonger,10 stk
1,barneprodukter,leker-og-aktiviteter-barn,"kr 399,90","kr 399,90 per stk",Drone X15A,1 stk
2,barneprodukter,leker-og-aktiviteter-barn,"kr 199,90","kr 199,90 per stk",Kasseapparat av tre,1 stk
3,barneprodukter,leker-og-aktiviteter-barn,"kr 39,90","kr 39,90 per stk",Kortstokk,1 stk
4,barneprodukter,leker-og-aktiviteter-barn,"kr 49,90","kr 49,90 per stk",Maxi-yatzy,1 stk
5,barneprodukter,leker-og-aktiviteter-barn,"kr 169,90","kr 169,90 per stk",Rubiks Kube,1 stk
6,barneprodukter,leker-og-aktiviteter-barn,"kr 299,90","kr 299,90 per stk",Traktor med dyr,1 stk
7,barneprodukter,leker-og-aktiviteter-barn,"kr 49,90","kr 49,90 per stk",Tegneblokk FSC A4 50 ark,1 stk
8,barneprodukter,leker-og-aktiviteter-barn,"kr 99,90","kr 4,16 per stk",Fargeblyanter FSC,24 stk
9,barneprodukter,leker-og-aktiviteter-barn,"kr 699,00","kr 699,00 per stk",Gravitrax Startsett,"Årets leke i 2019, 1 stk"
10,barneprodukter,leker-og-aktiviteter-barn,"kr 39,90","kr 39,90 per stk",Limpatroner 7x100mm,"Transparent, 1 stk"
11,barneprodukter,leker-og-aktiviteter-barn,"kr 499,90","kr 499,90 per stk",Trådløst headsett,"For barn, Rosa, 1 stk"
12,barneprodukter,leker-og-aktiviteter-barn,"kr 499,90","kr 499,90 per stk",Trådløst headsett,"For barn, Blå, 1 stk"
0,shampo-sape-og-hudpleie,handsape,"kr 17,20","kr 68,80 per l",Neutral Hand Wash,"Pumpe, 250 ml"
1,shampo-sape-og-hudpleie,handsape,"kr 39,80","kr 132,67 per l",Klar Håndsåpe,300 ml
2,shampo-sape-og-hudpleie,handsape,"kr 49,90","kr 499,00 per l",BarrierTech Hånddesinfeksjon,100 ml
3,shampo-sape-og-hudpleie,handsape,"kr 22,30","kr 446,00 per l",Rene Hender,"Uten Såpe og Vann, 50 ml"
4,shampo-sape-og-hudpleie,handsape,"kr 16,10","kr 53,67 per l",Håndsåpe,"Assortert Type, 300 ml"
5,shampo-sape-og-hudpleie,handsape,"kr 46,10","kr 76,83 per l",Håndsåpe Refill,"Assortert Type, 600 ml"
6,shampo-sape-og-hudpleie,handsape,"kr 24,90","kr 83,00 per l",Lano Flytende Håndsåpe,"Pumpeflaske, 300 ml"
7,shampo-sape-og-hudpleie,handsape,"kr 20,60","kr 68,67 per l",Lano Håndsåpe,"Refill, 300 ml"
8,shampo-sape-og-hudpleie,handsape,"kr 24,00","kr 12,00 per stk",Såpe Fast,2 stk
9,shampo-sape-og-hudpleie,handsape,"kr 29,50","kr 98,33 per l",Lano Parfymefri Håndsåpe,300 ml
10,shampo-sape-og-hudpleie,handsape,"kr 32,80","kr 65,60 per l","Moisturising Hand Wash, Sweet Chai & Lavender",500 ml
11,shampo-sape-og-hudpleie,handsape,"kr 53,80","kr 179,33 per l",Håndsåpe,"Kjøkken, 300 ml"
12,shampo-sape-og-hudpleie,handsape,"kr 31,40","kr 62,80 per l","Clear Handsoap, Fresh Lavender",500 ml
13,shampo-sape-og-hudpleie,handsape,"kr 31,40","kr 62,80 per l","Clear Handsoap, White Rose",500 ml
14,shampo-sape-og-hudpleie,handsape,"kr 8,50","kr 17,00 per l",Håndsåpe Med Pumpe,500 ml
15,shampo-sape-og-hudpleie,handsape,"kr 32,90","kr 109,67 per l",Mild Håndsåpe,300 ml
16,shampo-sape-og-hudpleie,handsape,"kr 46,70","kr 93,40 per l",Håndsåpe,500 ml
17,shampo-sape-og-hudpleie,handsape,"kr 31,60","kr 15,80 per stk",Såpestykke,2 stk
18,shampo-sape-og-hudpleie,handsape,"kr 17,90","kr 179,00 per kg",Kremsåpe Fast,100 g
19,shampo-sape-og-hudpleie,handsape,"kr 12,90","kr 43,00 per l",Håndsåpe Flytende,"Assorterte Dufter, 300 ml"
20,shampo-sape-og-hudpleie,handsape,"kr 12,80","kr 42,67 per l",Håndsåpe Flaske Refill,"Assortert Variant, 300 ml"
21,shampo-sape-og-hudpleie,handsape,"kr 39,90","kr 133,00 per l",Rise & Shine Håndsåpe,"økologisk, 300 ml"
22,shampo-sape-og-hudpleie,handsape,"kr 39,90","kr 133,00 per l",Blown away Håndsåpe,"økologisk, 300 ml"
0,shampo-sape-og-hudpleie,dusjsape,"kr 37,30","kr 149,20 per l",Dusjgele,"Uten Parfyme, 250 ml"
1,shampo-sape-og-hudpleie,dusjsape,"kr 49,80","kr 66,40 per l",Showergel,750 ml
2,shampo-sape-og-hudpleie,dusjsape,"kr 46,90","kr 187,60 per l",Mild Dusjgelé,250 ml
3,shampo-sape-og-hudpleie,dusjsape,"kr 56,70","kr 283,50 per l",Sensitiv Dusjgele,"Aloe Vera & Kamille, 200 ml"
4,shampo-sape-og-hudpleie,dusjsape,"kr 55,70","kr 222,80 per l",Aloe Vera Dusjgelé,250 ml
5,shampo-sape-og-hudpleie,dusjsape,"kr 53,10","kr 265,50 per l",Dusjsåpe,200 ml
6,shampo-sape-og-hudpleie,dusjsape,"kr 74,60","kr 186,50 per l",Sensitive Intimvask,400 ml
7,shampo-sape-og-hudpleie,dusjsape,"kr 46,00","kr 230,00 per l",Sensitiv Intimvask,200 ml
8,shampo-sape-og-hudpleie,dusjsape,"kr 58,90","kr 117,80 per l",Asan Intimsåpe,500 ml
9,shampo-sape-og-hudpleie,dusjsape,"kr 38,30","kr 174,09 per l",Intimvask Tranebær,220 ml
10,shampo-sape-og-hudpleie,dusjsape,"kr 28,90","kr 144,50 per l",Libresse V-care Intimvask,200 ml
11,shampo-sape-og-hudpleie,dusjsape,"kr 27,30","kr 136,50 per l",Coconut Care Shower Cream,200 ml
12,shampo-sape-og-hudpleie,dusjsape,"kr 28,40","kr 142,00 per l",Bright Blossom Shower Cream 200ml,200 ml
13,shampo-sape-og-hudpleie,dusjsape,"kr 27,90","kr 111,60 per l",Dusjsåpe,"Assortert Variant, 250 ml"
14,shampo-sape-og-hudpleie,dusjsape,"kr 32,80","kr 131,20 per l",Shower Gel Fresh Mix,"Assortert Variant, 250 ml"
15,shampo-sape-og-hudpleie,dusjsape,"kr 43,50","kr 174,00 per l",Shower Moisture Mix,"Assortert variant, 250 ml"
16,shampo-sape-og-hudpleie,dusjsape,"kr 42,70","kr 170,80 per l",Dove Cream Wash,250 ml
17,shampo-sape-og-hudpleie,dusjsape,"kr 43,50","kr 96,67 per l",Nourishing Shower Gel,450 ml
18,shampo-sape-og-hudpleie,dusjsape,"kr 43,50","kr 96,67 per l",Fresh Touch Shower Gel,450 ml
19,shampo-sape-og-hudpleie,dusjsape,"kr 43,50","kr 96,67 per l",Pomegranate Shower Gel,450 ml
20,shampo-sape-og-hudpleie,dusjsape,"kr 36,00","kr 180,00 per l",Showergel,200 ml
21,shampo-sape-og-hudpleie,dusjsape,"kr 30,10","kr 120,40 per l",Lano Parfymefri Dusjsåpe,250 ml
22,shampo-sape-og-hudpleie,dusjsape,"kr 30,40","kr 121,60 per l",Lano Dusjsåpe,250 ml
23,shampo-sape-og-hudpleie,dusjsape,"kr 26,60","kr 106,40 per l",Lano Dusjsåpe,"Refill, 250 ml"
24,shampo-sape-og-hudpleie,dusjsape,"kr 61,90","kr 123,80 per l",Radical Refresher Shower Gel,500 ml
25,shampo-sape-og-hudpleie,dusjsape,"kr 17,30","kr 34,60 per l",Dusjkrem,500 ml
26,shampo-sape-og-hudpleie,dusjsape,"kr 25,10","kr 114,09 per l",Trippeldusj,220 ml
27,shampo-sape-og-hudpleie,dusjsape,"kr 33,70","kr 112,33 per l",Men Expert Total Clean Shower,300 ml
28,shampo-sape-og-hudpleie,dusjsape,"kr 17,90","kr 71,60 per l",Dobbeldusj Sport,250 ml
29,shampo-sape-og-hudpleie,dusjsape,"kr 29,90","kr 398,67 per l",Dusjsåpe Lyko Vegan,75 ml
30,shampo-sape-og-hudpleie,dusjsape,"kr 39,90","kr 199,50 per l",Rise & Shine Shower gel,"økologisk, 200 ml"
0,shampo-sape-og-hudpleie,shampo-og-harprodukter,"kr 68,50","kr 274,00 per l",Shampo,"Argan Oil, 250 ml"
1,shampo-sape-og-hudpleie,shampo-og-harprodukter,"kr 28,20","kr 112,80 per l",Passion Punch Shampoo,250 ml
2,shampo-sape-og-hudpleie,shampo-og-harprodukter,"kr 28,20","kr 112,80 per l",Passion Punch Balsam 250ml,250 ml
3,shampo-sape-og-hudpleie,shampo-og-harprodukter,"kr 29,50","kr 118,00 per l",Minerals Coconut Shampo,250 ml
4,shampo-sape-og-hudpleie,shampo-og-harprodukter,"kr 29,50","kr 118,00 per l",Minerals Coconut Balsam,250 ml
5,shampo-sape-og-hudpleie,shampo-og-harprodukter,"kr 29,50","kr 118,00 per l",Shampo Bright Blossom,250 ml
6,shampo-sape-og-hudpleie,shampo-og-harprodukter,"kr 29,50","kr 118,00 per l",Balsam Bright Blossom,250 ml
7,shampo-sape-og-hudpleie,shampo-og-harprodukter,"kr 29,80","kr 99,33 per l",Color Vive Shampo,"ElVital, 300 ml"
8,shampo-sape-og-hudpleie,shampo-og-harprodukter,"kr 29,80","kr 119,20 per l",Color Vive Balsam,"ElVital, 250 ml"
9,shampo-sape-og-hudpleie,shampo-og-harprodukter,"kr 29,80","kr 119,20 per l",Anti-Breakage Shampoo,"ElVital, 250 ml"
10,shampo-sape-og-hudpleie,shampo-og-harprodukter,"kr 28,50","kr 142,50 per l",Anti-Breakage Balsam,"ElVital, 200 ml"
11,shampo-sape-og-hudpleie,shampo-og-harprodukter,"kr 29,80","kr 119,20 per l",Dream Length Shampo,250 ml
12,shampo-sape-og-hudpleie,shampo-og-harprodukter,"kr 28,50","kr 142,50 per l",Dream Length Balsam,200 ml
13,shampo-sape-og-hudpleie,shampo-og-harprodukter,"kr 29,80","kr 119,20 per l",Extra Fine Coconut Oil Shampo,"ElVital, 250 ml"
14,shampo-sape-og-hudpleie,shampo-og-harprodukter,"kr 29,80","kr 149,00 per l",Extra Fine Coconut Oil Balsam,"ElVital, 200 ml"
15,shampo-sape-og-hudpleie,shampo-og-harprodukter,"kr 35,50","kr 142,00 per l",Shampo Strength & Shine,"Fructis, 250 ml"
16,shampo-sape-og-hudpleie,shampo-og-harprodukter,"kr 36,10","kr 180,50 per l",Strength & Shine Balsam,"Fructis, 250ml, 200 ml"
17,shampo-sape-og-hudpleie,shampo-og-harprodukter,"kr 62,50","kr 178,57 per l",Garnier Fructis Hair Food Banana Shampo,350 ml
18,shampo-sape-og-hudpleie,shampo-og-harprodukter,"kr 86,90","kr 222,82 per l",Banana Nourishing Hair Treatment,390 ml
19,shampo-sape-og-hudpleie,shampo-og-harprodukter,"kr 62,30","kr 178,00 per l",Garnier Fructis Hair Food Papaya Shampo,350 ml
20,shampo-sape-og-hudpleie,shampo-og-harprodukter,"kr 85,70","kr 219,74 per l",Papaya Repairing Hair Treatment,390 ml
21,shampo-sape-og-hudpleie,shampo-og-harprodukter,"kr 37,60","kr 150,40 per l",Shampo,250 ml
22,shampo-sape-og-hudpleie,shampo-og-harprodukter,"kr 45,00","kr 180,00 per l",Mild Balsam,"Uten parfyme, 250 ml"
23,shampo-sape-og-hudpleie,shampo-og-harprodukter,"kr 76,90","kr 192,25 per l",Happy and Hydryted Shampoo,400 ml
24,shampo-sape-og-hudpleie,shampo-og-harprodukter,"kr 89,90","kr 224,75 per l",Volume and Bounty Shampo,400 ml
25,shampo-sape-og-hudpleie,shampo-og-harprodukter,"kr 89,90","kr 224,75 per l",Volume and Bounty Balsam,400 ml
26,shampo-sape-og-hudpleie,shampo-og-harprodukter,"kr 76,90","kr 192,25 per l",Hope and Repair Shampoo,400 ml
27,shampo-sape-og-hudpleie,shampo-og-harprodukter,"kr 76,90","kr 192,25 per l",Hope and Repair Balsam,400 ml
28,shampo-sape-og-hudpleie,shampo-og-harprodukter,"kr 80,50","kr 201,25 per l",Blooming Color Shampoo,400 ml
29,shampo-sape-og-hudpleie,shampo-og-harprodukter,"kr 29,90","kr 398,67 per l",Shampo Lyko Vegan,75 ml
30,shampo-sape-og-hudpleie,shampo-og-harprodukter,"kr 29,90","kr 398,67 per l",Balsam Lyko Vegan,75 ml
31,shampo-sape-og-hudpleie,shampo-og-harprodukter,"kr 75,30","kr 301,20 per l",Rå Pleiende Sjampo,250 ml
32,shampo-sape-og-hudpleie,shampo-og-harprodukter,"kr 74,80","kr 374,00 per l",Rå Pleiende Balsam,200 ml
33,shampo-sape-og-hudpleie,shampo-og-harprodukter,"kr 34,90","kr 174,50 per l",Sjampo,200 ml
34,shampo-sape-og-hudpleie,shampo-og-harprodukter,"kr 37,90","kr 189,50 per l",Balsam,200 ml
35,shampo-sape-og-hudpleie,shampo-og-harprodukter,"kr 37,40","kr 149,60 per l",Shampo Volumising,250 ml
36,shampo-sape-og-hudpleie,shampo-og-harprodukter,"kr 37,40","kr 149,60 per l",Balsam Volumising,250 ml
37,shampo-sape-og-hudpleie,shampo-og-harprodukter,"kr 37,40","kr 149,60 per l",Shampo Anti Frizz,250 ml
38,shampo-sape-og-hudpleie,shampo-og-harprodukter,"kr 37,40","kr 149,60 per l",Balsam Anti Frizz,250 ml
39,shampo-sape-og-hudpleie,shampo-og-harprodukter,"kr 29,10","kr 129,33 per l",Shampoo Supreme Moisture,225 ml
40,shampo-sape-og-hudpleie,shampo-og-harprodukter,"kr 29,10","kr 132,27 per l",Balsam Supreme Moisture,220 ml
41,shampo-sape-og-hudpleie,shampo-og-harprodukter,"kr 48,50","kr 173,21 per l",Shampo Apple Fresh,280 ml
42,shampo-sape-og-hudpleie,shampo-og-harprodukter,"kr 48,50","kr 194,00 per l",2in1 Classic Clean,250 ml
43,shampo-sape-og-hudpleie,shampo-og-harprodukter,"kr 54,90","kr 196,07 per l",Shampo Classic Clean,280 ml
44,shampo-sape-og-hudpleie,shampo-og-harprodukter,"kr 33,40","kr 151,82 per l",Balsam Apple Fresh,220 ml
45,shampo-sape-og-hudpleie,shampo-og-harprodukter,"kr 86,90","kr 434,50 per l",Dry Shampoo,200 ml
46,shampo-sape-og-hudpleie,shampo-og-harprodukter,"kr 60,50","kr 302,50 per l",Dry Shampo Original,200 ml
47,shampo-sape-og-hudpleie,shampo-og-harprodukter,"kr 49,80","kr 249,00 per l",Dry Shampo Brunette,200 ml
48,shampo-sape-og-hudpleie,shampo-og-harprodukter,"kr 46,00","kr 184,00 per l",Neutral Kids Shampo,"Uten Parfyme, 250 ml"
49,shampo-sape-og-hudpleie,shampo-og-harprodukter,"kr 41,20","kr 274,67 per l",Balsamspray,"Kids, 150 ml"
50,shampo-sape-og-hudpleie,shampo-og-harprodukter,"kr 32,00","kr 128,00 per l",Shampo Baby,250 ml
51,shampo-sape-og-hudpleie,shampo-og-harprodukter,"kr 232,00","kr 2320,00 per l",10 Minutter Linicin Shampoo,"Mot Lus, 100 ml"
52,shampo-sape-og-hudpleie,shampo-og-harprodukter,"kr 12,90","kr 25,80 per l",Shampo,500 ml
53,shampo-sape-og-hudpleie,shampo-og-harprodukter,"kr 12,40","kr 24,80 per l",Balsam,500 ml
54,shampo-sape-og-hudpleie,shampo-og-harprodukter,"kr 17,90","kr 71,60 per l",Dobbeldusj Sport,250 ml
55,shampo-sape-og-hudpleie,shampo-og-harprodukter,"kr 45,80","kr 305,33 per l",Mineral & Control Clean Gel,150 ml
56,shampo-sape-og-hudpleie,shampo-og-harprodukter,"kr 92,90","kr 1161,25 per l",Men Moulding Clay,80 ml
57,shampo-sape-og-hudpleie,shampo-og-harprodukter,"kr 29,90","kr 29,90 per stk",Tørrshampo 75ml vegan,1 stk
58,shampo-sape-og-hudpleie,shampo-og-harprodukter,"kr 78,40","kr 392,00 per l",Brunettes Dry Shampoo,200 ml
59,shampo-sape-og-hudpleie,shampo-og-harprodukter,"kr 82,90","kr 331,60 per l",Hairspray Extreme Hold,250 ml
60,shampo-sape-og-hudpleie,shampo-og-harprodukter,"kr 82,90","kr 414,50 per l",Pure Volume Mousse,200 ml
61,shampo-sape-og-hudpleie,shampo-og-harprodukter,"kr 76,30","kr 381,50 per l",Define Instant Volume Spray,200 ml
62,shampo-sape-og-hudpleie,shampo-og-harprodukter,"kr 44,20","kr 147,33 per l",Hårspray Extra Firm,300 ml
63,shampo-sape-og-hudpleie,shampo-og-harprodukter,"kr 52,60","kr 210,40 per l",Hårspray Kraftig Elnett,250 ml
64,shampo-sape-og-hudpleie,shampo-og-harprodukter,"kr 33,10","kr 165,50 per l",Hårskum,200 ml
65,shampo-sape-og-hudpleie,shampo-og-harprodukter,"kr 57,40","kr 287,00 per l",Hårspray,"Extra strong hold, 200 ml"
66,shampo-sape-og-hudpleie,shampo-og-harprodukter,"kr 149,90","kr 1998,67 per l",Magic Retouch Mørk Brun,75 ml
67,shampo-sape-og-hudpleie,shampo-og-harprodukter,"kr 25,10","kr 114,09 per l",Trippeldusj,220 ml
68,shampo-sape-og-hudpleie,shampo-og-harprodukter,"kr 99,90","kr 12,49 per stk",Reiseflasker metall,"8 beholdere, 8 stk"
69,shampo-sape-og-hudpleie,shampo-og-harprodukter,"kr 29,90","kr 398,67 per l",Dusjsåpe Lyko Vegan,75 ml
0,shampo-sape-og-hudpleie,harfarge,"kr 210,60","kr 210,60 per stk",Excellence 1 Sort,1 stk
1,shampo-sape-og-hudpleie,harfarge,"kr 174,90","kr 174,90 per stk",Excellence 3 Mørkebrun,1 stk
2,shampo-sape-og-hudpleie,harfarge,"kr 171,90","kr 171,90 per stk",Excellence 4 Brun,1 stk
3,shampo-sape-og-hudpleie,harfarge,"kr 163,90","kr 163,90 per stk",Excellence 5 Lysebrun,1 stk
4,shampo-sape-og-hudpleie,harfarge,"kr 174,90","kr 174,90 per stk","Excellence 5,3 Lys Gyldenbrun",1 stk
5,shampo-sape-og-hudpleie,harfarge,"kr 166,90","kr 166,90 per stk",Excellence 6 Mørkeblond,1 stk
6,shampo-sape-og-hudpleie,harfarge,"kr 169,90","kr 169,90 per stk",Excellence 7 Blond,1 stk
7,shampo-sape-og-hudpleie,harfarge,"kr 172,90","kr 172,90 per stk",Excellence 8 Lysblond,1 stk
8,shampo-sape-og-hudpleie,harfarge,"kr 210,60","kr 210,60 per stk","Excellence 8,1 Lys Askeblond",1 stk
9,shampo-sape-og-hudpleie,harfarge,"kr 210,60","kr 210,60 per stk",Excellence 9 Meget Lys Blond,1 stk
10,shampo-sape-og-hudpleie,harfarge,"kr 111,30","kr 111,30 per stk",Nutrisse Sort 1,1 stk
11,shampo-sape-og-hudpleie,harfarge,"kr 111,30","kr 111,30 per stk",Nutrisse Mørkebrun 3,1 stk
12,shampo-sape-og-hudpleie,harfarge,"kr 111,30","kr 111,30 per stk",Nutrisse Brun 4,1 stk
13,shampo-sape-og-hudpleie,harfarge,"kr 111,30","kr 111,30 per stk","Nutrisse Gyldenbrun 4,3",1 stk
14,shampo-sape-og-hudpleie,harfarge,"kr 111,30","kr 111,30 per stk",Nutrisse Lysebrun 5,1 stk
15,shampo-sape-og-hudpleie,harfarge,"kr 111,30","kr 111,30 per stk",Nutrisse Mørkeblond 6,1 stk
16,shampo-sape-og-hudpleie,harfarge,"kr 111,30","kr 111,30 per stk",Nutrisse Blond 7,1 stk
0,shampo-sape-og-hudpleie,ansiktspleie,"kr 114,90","kr 2298,00 per l",Antirynkekrem Q10,50 ml
1,shampo-sape-og-hudpleie,ansiktspleie,"kr 118,90","kr 2378,00 per l",Q10 Nattkrem Antirynker,50 ml
2,shampo-sape-og-hudpleie,ansiktspleie,"kr 134,90","kr 2698,00 per l",Face Cream,50 ml
3,shampo-sape-og-hudpleie,ansiktspleie,"kr 62,50","kr 1250,00 per l",Moisture & Aloe Vera,50 ml
4,shampo-sape-og-hudpleie,ansiktspleie,"kr 79,50","kr 1060,00 per l",Pleiende Ansiktskrem,75 ml
5,shampo-sape-og-hudpleie,ansiktspleie,"kr 37,60","kr 188,00 per l",Nivea Soft Cream,200 ml
6,shampo-sape-og-hudpleie,ansiktspleie,"kr 40,60","kr 1015,00 per kg",Kløver Vaseline,40 g
7,shampo-sape-og-hudpleie,ansiktspleie,"kr 31,70","kr 31,70 per stk",Moisture Bomb Tissue Mask,1 stk
8,shampo-sape-og-hudpleie,ansiktspleie,"kr 32,80","kr 32,80 per stk",Pure Charcoal Tissue Mask,1 stk
9,shampo-sape-og-hudpleie,ansiktspleie,"kr 113,90","kr 2278,00 per l",Age Perfect Dagkrem,"Dermo Expertise, 50 ml"
10,shampo-sape-og-hudpleie,ansiktspleie,"kr 118,90","kr 2378,00 per l",Revitalift Nattkrem,50 ml
11,shampo-sape-og-hudpleie,ansiktspleie,"kr 67,50","kr 675,00 per l",After Shave Balm,100 ml
12,shampo-sape-og-hudpleie,ansiktspleie,"kr 147,90","kr 147,90 per stk",Age Perfect Night Cream,1 stk
13,shampo-sape-og-hudpleie,ansiktspleie,"kr 142,00","kr 2840,00 per l",Anti Wrinkle Firming Day Care,"Lavandin, 50 ml"
14,shampo-sape-og-hudpleie,ansiktspleie,"kr 109,30","kr 2186,00 per l",Bio Argan Nourishing Moisturizer,50 ml
15,shampo-sape-og-hudpleie,ansiktspleie,"kr 108,40","kr 108,40 per stk",Hydra Genius,1 stk
16,shampo-sape-og-hudpleie,ansiktspleie,"kr 195,60","kr 195,60 per stk",Revitalift Energising Red Day Cream,1 stk
17,shampo-sape-og-hudpleie,ansiktspleie,"kr 144,90","kr 144,90 per stk",Revitalift Eye Cream,1 stk
18,shampo-sape-og-hudpleie,ansiktspleie,"kr 172,80","kr 172,80 per stk",VitaLift 5 pump,1 stk
19,shampo-sape-og-hudpleie,ansiktspleie,"kr 91,90","kr 1838,00 per l",Hydra Energetic Dagkrem,"Men Expert, 50 ml"
0,shampo-sape-og-hudpleie,hudpleie,"kr 46,20","kr 231,00 per l",Rik & Pleiende Bodylotion,200 ml
1,shampo-sape-og-hudpleie,hudpleie,"kr 53,80","kr 269,00 per l",Aloe Vera Body Lotion,200 ml
2,shampo-sape-og-hudpleie,hudpleie,"kr 43,60","kr 581,33 per l",Advanced Repair Hand Cream,75 ml
3,shampo-sape-og-hudpleie,hudpleie,"kr 59,70","kr 238,80 per l",Body Lotion,250 ml
4,shampo-sape-og-hudpleie,hudpleie,"kr 65,70","kr 657,00 per l",Intensive Repair Creme,100 ml
5,shampo-sape-og-hudpleie,hudpleie,"kr 56,30","kr 225,20 per l",Glowing Ritual Body Lotion,250 ml
6,shampo-sape-og-hudpleie,hudpleie,"kr 36,00","kr 360,00 per l",Håndkrem,100 ml
7,shampo-sape-og-hudpleie,hudpleie,"kr 43,00","kr 215,00 per l",Bodylotion,200 ml
8,shampo-sape-og-hudpleie,hudpleie,"kr 59,00","kr 393,33 per l",Men Body And Face Cream,150 ml
9,shampo-sape-og-hudpleie,hudpleie,"kr 57,40","kr 1148,00 per l","Moisturising Hand Cream, Lavender & Shea Butter",50 ml
10,shampo-sape-og-hudpleie,hudpleie,"kr 41,70","kr 166,80 per l",Soft Caring Lotion,250 ml
11,shampo-sape-og-hudpleie,hudpleie,"kr 33,70","kr 134,80 per l",Spenol Hudkrem,250 ml
12,shampo-sape-og-hudpleie,hudpleie,"kr 46,10","kr 461,00 per l",Håndkrem,100 ml
13,shampo-sape-og-hudpleie,hudpleie,"kr 195,60","kr 195,60 per stk",Age Perfect Eye Cream,1 stk
14,shampo-sape-og-hudpleie,hudpleie,"kr 217,50","kr 217,50 per stk",Age Perfect Golden Age Rosy Day,1 stk
15,shampo-sape-og-hudpleie,hudpleie,"kr 217,50","kr 217,50 per stk",Age Perfect Golden Age Rosy Eye Cream,1 stk
16,shampo-sape-og-hudpleie,hudpleie,"kr 217,50","kr 217,50 per stk",Age Perfect  Golden Age Rosy  Night,1 stk
17,shampo-sape-og-hudpleie,hudpleie,"kr 75,30","kr 75,30 per stk",Moisture+ Botanical Green Tea Day Cream,1 stk
18,shampo-sape-og-hudpleie,hudpleie,"kr 71,10","kr 71,10 per stk",Moisture+ Botanical Rose Floral Water Day Cream,1 stk
19,shampo-sape-og-hudpleie,hudpleie,"kr 108,40","kr 108,40 per stk",Argan Rescue Balm Garnier Bio,1 stk
20,shampo-sape-og-hudpleie,hudpleie,"kr 86,30","kr 86,30 per stk",Cornflower Micellar Water Garnier Bio,1 stk
21,shampo-sape-og-hudpleie,hudpleie,"kr 130,20","kr 130,20 per stk",Lavendin Oil Garnier Bio,1 stk
22,shampo-sape-og-hudpleie,hudpleie,"kr 130,20","kr 130,20 per stk",Lavender Firming Eye Contour Garnier  Bio,1 stk
23,shampo-sape-og-hudpleie,hudpleie,"kr 108,40","kr 108,40 per stk",Lemongrass Moisturizer Garnier Bio,1 stk
24,shampo-sape-og-hudpleie,hudpleie,"kr 86,30","kr 86,30 per stk",Nourishing Mist Garnier Bio,1 stk
25,shampo-sape-og-hudpleie,hudpleie,"kr 97,40","kr 97,40 per stk",Purifying Thyme Perfecting Toner Garnier Bio,1 stk
26,shampo-sape-og-hudpleie,hudpleie,"kr 48,10","kr 160,33 per l",Bodylotion Cottontouch,300 ml
27,shampo-sape-og-hudpleie,hudpleie,"kr 85,50","kr 213,75 per l",Delicious Glow Body Lotion,400 ml
28,shampo-sape-og-hudpleie,hudpleie,"kr 85,40","kr 213,50 per l",Luscious Hydration Body Lotion,400 ml
29,shampo-sape-og-hudpleie,hudpleie,"kr 39,90","kr 532,00 per l",Rise & Shine Håndkrem,"økologisk, 75 ml"
30,shampo-sape-og-hudpleie,hudpleie,"kr 39,90","kr 532,00 per l",Blown away Håndkrem,"økologisk, 75 ml"
0,shampo-sape-og-hudpleie,leppepomade,"kr 40,60","kr 1015,00 per kg",Kløver Vaseline,40 g
1,shampo-sape-og-hudpleie,leppepomade,"kr 26,20","kr 1310,00 per kg",Vaseline Lip,"Rosy Lips, 20 g"
2,shampo-sape-og-hudpleie,leppepomade,"kr 30,00","kr 1500,00 per kg",Vaseline Lip,"Original, 20 g"
3,shampo-sape-og-hudpleie,leppepomade,"kr 38,90","kr 38,90 per stk",Leppepomade Tube,1 stk
4,shampo-sape-og-hudpleie,leppepomade,"kr 26,80","kr 26,80 per stk",Labello Hydro Care,1 stk
5,shampo-sape-og-hudpleie,leppepomade,"kr 26,20","kr 26,20 per stk",Lypsyl,"Original blå, 1 stk"
6,shampo-sape-og-hudpleie,leppepomade,"kr 29,60","kr 29,60 per stk",Lypsyl,"Aloe Vera, 1 stk"
7,shampo-sape-og-hudpleie,leppepomade,"kr 37,00","kr 37,00 per stk",Labello Peach Shine,1 stk
8,shampo-sape-og-hudpleie,leppepomade,"kr 29,90","kr 29,90 per stk",Leppepomade Lyko Vegan,"Nøytral, 1 stk"
0,shampo-sape-og-hudpleie,sape-og-krem-barn,"kr 46,00","kr 184,00 per l",Neutral Kids Shampo,"Uten Parfyme, 250 ml"
1,shampo-sape-og-hudpleie,sape-og-krem-barn,"kr 45,00","kr 180,00 per l",Neutral Kids Dusj,"Uten Parfyme, 250 ml"
2,shampo-sape-og-hudpleie,sape-og-krem-barn,"kr 41,20","kr 274,67 per l",Balsamspray,"Kids, 150 ml"
3,shampo-sape-og-hudpleie,sape-og-krem-barn,"kr 33,40","kr 222,67 per l",Badesåpe Baby,150 ml
4,shampo-sape-og-hudpleie,sape-og-krem-barn,"kr 38,90","kr 155,60 per l",Baby Bad,250 ml
5,shampo-sape-og-hudpleie,sape-og-krem-barn,"kr 53,60","kr 214,40 per l",Babyolje,250 ml
6,shampo-sape-og-hudpleie,sape-og-krem-barn,"kr 32,00","kr 128,00 per l",Shampo Baby,250 ml
7,shampo-sape-og-hudpleie,sape-og-krem-barn,"kr 33,00","kr 330,00 per l",Sinksalve,100 ml
8,shampo-sape-og-hudpleie,sape-og-krem-barn,"kr 43,50","kr 145,00 per l",Top-to-toe Babywash,300 ml
9,shampo-sape-og-hudpleie,sape-og-krem-barn,"kr 38,80","kr 352,73 per kg",Nappy Cream Sinksalve,110 g
10,shampo-sape-og-hudpleie,sape-og-krem-barn,"kr 48,10","kr 160,33 per l",Hair & Scalp Oil,"Cottontouch, 300 ml"
11,shampo-sape-og-hudpleie,sape-og-krem-barn,"kr 43,00","kr 143,33 per l",Bath & Wash Cottontouch,"2 in 1, 300 ml"
12,shampo-sape-og-hudpleie,sape-og-krem-barn,"kr 44,70","kr 149,00 per l",Kids Shampo,"No More Tangles, 300 ml"
13,shampo-sape-og-hudpleie,sape-og-krem-barn,"kr 53,80","kr 358,67 per l",Baby Olje,150 ml
14,shampo-sape-og-hudpleie,sape-og-krem-barn,"kr 38,00","kr 126,67 per l",Baby Shampo,300 ml
15,shampo-sape-og-hudpleie,sape-og-krem-barn,"kr 43,40","kr 144,67 per l",Aloe Vera Olje,300 ml
16,shampo-sape-og-hudpleie,sape-og-krem-barn,"kr 35,60","kr 356,00 per kg",Babypudder,100 g
0,shampo-sape-og-hudpleie,solkrem-og-selvbruning,"kr 130,20","kr 651,00 per l",Sun Protection Milk SPF 15,200 ml
1,shampo-sape-og-hudpleie,solkrem-og-selvbruning,"kr 130,20","kr 651,00 per l",Sun Protection Milk SPF 20,200 ml
2,shampo-sape-og-hudpleie,solkrem-og-selvbruning,"kr 130,20","kr 651,00 per l",Sun Protection Milk SPF 30,200 ml
3,shampo-sape-og-hudpleie,solkrem-og-selvbruning,"kr 162,90","kr 814,50 per l",Sensitive Advanced Kids Lotion SPF 50+,200 ml
4,shampo-sape-og-hudpleie,solkrem-og-selvbruning,"kr 162,90","kr 814,50 per l",Kids Moisturising spray Swim SPF50,200 ml
5,shampo-sape-og-hudpleie,solkrem-og-selvbruning,"kr 125,60","kr 1674,67 per l",Sensitive Advanced Daily Protect Mist SPF 50 +,75 ml
6,shampo-sape-og-hudpleie,solkrem-og-selvbruning,"kr 163,80","kr 1092,00 per l",UV Water SPF 20,150 ml
7,shampo-sape-og-hudpleie,solkrem-og-selvbruning,"kr 163,80","kr 1092,00 per l",UV Water SPF 30,150 ml
8,shampo-sape-og-hudpleie,solkrem-og-selvbruning,"kr 195,60","kr 978,00 per l",UV-Water Mist SPF30,200 ml
9,shampo-sape-og-hudpleie,solkrem-og-selvbruning,"kr 180,40","kr 1202,67 per l",Sublime Bronze Self-Tan Milk,150 ml
10,shampo-sape-og-hudpleie,solkrem-og-selvbruning,"kr 132,60","kr 1768,00 per l",Sublime Bronze Self-Tan Express ProFace,75 ml
0,sminke-og-skjonnhet,mascara,"kr 152,00","kr 152,00 per stk",Lash Sensational - Black,1 stk
1,sminke-og-skjonnhet,mascara,"kr 150,90","kr 150,90 per stk",Volum'Express Colossal Black,1 stk
2,sminke-og-skjonnhet,mascara,"kr 162,90","kr 162,90 per stk",Paradise Extatic Mascara Black,1 stk
3,sminke-og-skjonnhet,mascara,"kr 195,60","kr 195,60 per stk",Volume Million Lashes So Couture Black,1 stk
4,sminke-og-skjonnhet,mascara,"kr 114,70","kr 114,70 per stk",Great Lash Very Black,1 stk
5,sminke-og-skjonnhet,mascara,"kr 206,50","kr 206,50 per stk",Double Extension Mascara Black,1 stk
6,sminke-og-skjonnhet,mascara,"kr 173,80","kr 173,80 per stk",Telescopic Mascara Carbon Black,1 stk
7,sminke-og-skjonnhet,mascara,"kr 195,60","kr 195,60 per stk",Volume Million Lashes Mascara Black,1 stk
8,sminke-og-skjonnhet,mascara,"kr 184,70","kr 184,70 per stk",Volum Million Lashes Brown,1 stk
9,sminke-og-skjonnhet,mascara,"kr 130,20","kr 130,20 per stk",Brow drama Transparent,1 stk
10,sminke-og-skjonnhet,mascara,"kr 130,20","kr 130,20 per stk",Brow drama Medium Brown,1 stk
11,sminke-og-skjonnhet,mascara,"kr 108,40","kr 108,40 per stk",Brow drama Dark Brown,1 stk
12,sminke-og-skjonnhet,mascara,"kr 150,90","kr 150,90 per stk",Volum'Express Colossal Waterproof,1 stk
13,sminke-og-skjonnhet,mascara,"kr 152,00","kr 152,00 per stk",Lash Sensational - Black WP,1 stk
14,sminke-og-skjonnhet,mascara,"kr 173,80","kr 173,80 per stk",Mega Volum Collagen Extra Black,1 stk
15,sminke-og-skjonnhet,mascara,"kr 195,60","kr 195,60 per stk",Volume Million Lashes Mascara WP Black,1 stk
16,sminke-og-skjonnhet,mascara,"kr 195,60","kr 195,60 per stk",Million Lashes Volume Mascara  Feline Black,1 stk
17,sminke-og-skjonnhet,mascara,"kr 162,90","kr 162,90 per stk",Paradise Extatic Black WP,1 stk
18,sminke-og-skjonnhet,mascara,"kr 152,00","kr 152,00 per stk",Paradise Extatic Primer White,1 stk
19,sminke-og-skjonnhet,mascara,"kr 152,00","kr 152,00 per stk",Snapscara HD Black,1 stk
20,sminke-og-skjonnhet,mascara,"kr 195,60","kr 195,60 per stk",Telescopic False Lash Mascara mag.Black,1 stk
21,sminke-og-skjonnhet,mascara,"kr 195,60","kr 195,60 per stk",Telescopic Mascara Black,1 stk
22,sminke-og-skjonnhet,mascara,"kr 162,90","kr 162,90 per stk",Total Temptation Black,1 stk
23,sminke-og-skjonnhet,mascara,"kr 162,90","kr 162,90 per stk",Total Temptation Black Waterproof,1 stk
24,sminke-og-skjonnhet,mascara,"kr 195,60","kr 195,60 per stk",Unlimited Mascara Black,1 stk
25,sminke-og-skjonnhet,mascara,"kr 184,70","kr 184,70 per stk",Unlimited Mascara Very Different Waterproof,1 stk
0,sminke-og-skjonnhet,oyenskygge-liners-og-bryn,"kr 97,40","kr 97,40 per stk",Brow ultra slim Deep Brown,1 stk
1,sminke-og-skjonnhet,oyenskygge-liners-og-bryn,"kr 108,40","kr 108,40 per stk",Brow Artist Xpert Ebony,1 stk
2,sminke-og-skjonnhet,oyenskygge-liners-og-bryn,"kr 108,40","kr 108,40 per stk",Brow Artist Xpert Brunette,1 stk
3,sminke-og-skjonnhet,oyenskygge-liners-og-bryn,"kr 108,40","kr 108,40 per stk",Brow Artist Designer Deep Brown,1 stk
4,sminke-og-skjonnhet,oyenskygge-liners-og-bryn,"kr 152,00","kr 152,00 per stk",Superliner Perfect Slim Black,1 stk
5,sminke-og-skjonnhet,oyenskygge-liners-og-bryn,"kr 97,40","kr 97,40 per stk",Brow ultra slim Blonde,1 stk
6,sminke-og-skjonnhet,oyenskygge-liners-og-bryn,"kr 150,90","kr 150,90 per stk",Tattoo Signature Black,1 stk
7,sminke-og-skjonnhet,oyenskygge-liners-og-bryn,"kr 195,60","kr 195,60 per stk",Unbelieva'brow Chatain,1 stk
8,sminke-og-skjonnhet,oyenskygge-liners-og-bryn,"kr 130,20","kr 130,20 per stk",Brow Artist Designer Deli Blond,1 stk
9,sminke-og-skjonnhet,oyenskygge-liners-og-bryn,"kr 173,80","kr 173,80 per stk",Lash Sensational Boosting serum,1 stk
10,sminke-og-skjonnhet,oyenskygge-liners-og-bryn,"kr 97,40","kr 97,40 per stk",Superliner Le Kohl Midnight Black,1 stk
11,sminke-og-skjonnhet,oyenskygge-liners-og-bryn,"kr 97,40","kr 97,40 per stk",Superliner Le Kohl Pure Espresso,1 stk
12,sminke-og-skjonnhet,oyenskygge-liners-og-bryn,"kr 261,30","kr 261,30 per stk",Clinically Proven Lash Serum,1 stk
13,sminke-og-skjonnhet,oyenskygge-liners-og-bryn,"kr 152,00","kr 152,00 per stk",Ultra precision - Superliner Liquid Eyeliner Black,1 stk
14,sminke-og-skjonnhet,oyenskygge-liners-og-bryn,"kr 130,20","kr 130,20 per stk",Brow ultra slim Medium Brown,1 stk
15,sminke-og-skjonnhet,oyenskygge-liners-og-bryn,"kr 119,30","kr 119,30 per stk",Hyper Precise All Day Liquid Liner Black,1 stk
16,sminke-og-skjonnhet,oyenskygge-liners-og-bryn,"kr 195,60","kr 195,60 per stk",Unbelieva'brow Dark Brunette,1 stk
17,sminke-og-skjonnhet,oyenskygge-liners-og-bryn,"kr 108,40","kr 108,40 per stk",Brow Artist Xpert Warm Brunette,1 stk
18,sminke-og-skjonnhet,oyenskygge-liners-og-bryn,"kr 108,40","kr 108,40 per stk",Brow Artist Xpert Grey Brunette,1 stk
0,sminke-og-skjonnhet,leppestift-liner-og-gloss,"kr 141,10","kr 141,10 per stk",Color Riche 236 Organza Lipstick,1 stk
1,sminke-og-skjonnhet,leppestift-liner-og-gloss,"kr 141,10","kr 141,10 per stk",Color Riche 258 Berry Lipstick,1 stk
2,sminke-og-skjonnhet,leppestift-liner-og-gloss,"kr 162,90","kr 162,90 per stk",Color Riche Shine 112 Only in Paris Lipstick,1 stk
3,sminke-og-skjonnhet,leppestift-liner-og-gloss,"kr 162,90","kr 162,90 per stk",Color Riche Shine 111 Instaheaven Lipstick,1 stk
4,sminke-og-skjonnhet,leppestift-liner-og-gloss,"kr 162,90","kr 162,90 per stk",Color Riche Shine 245 High on Craze Lipstick,1 stk
5,sminke-og-skjonnhet,leppestift-liner-og-gloss,"kr 162,90","kr 162,90 per stk",Color Riche 108 Brun Cuivre Lipstick,1 stk
6,sminke-og-skjonnhet,leppestift-liner-og-gloss,"kr 162,90","kr 162,90 per stk",Color Riche 303 Rose Tendre Lipstick,1 stk
7,sminke-og-skjonnhet,leppestift-liner-og-gloss,"kr 162,90","kr 162,90 per stk",Color Riche 345 Cherry Lipstick,1 stk
8,sminke-og-skjonnhet,leppestift-liner-og-gloss,"kr 162,90","kr 162,90 per stk",Color Riche 453 Fondante de Rose Lipstick,1 stk
9,sminke-og-skjonnhet,leppestift-liner-og-gloss,"kr 162,90","kr 162,90 per stk",Color Riche 464 Color Hype Lipstick,1 stk
10,sminke-og-skjonnhet,leppestift-liner-og-gloss,"kr 152,00","kr 152,00 per stk",Color Sensational Galactic Mauve Lipstick,1 stk
11,sminke-og-skjonnhet,leppestift-liner-og-gloss,"kr 141,10","kr 141,10 per stk",Color Sensational Magic Mauve Lipstick,1 stk
12,sminke-og-skjonnhet,leppestift-liner-og-gloss,"kr 141,10","kr 141,10 per stk",Color Sensational Mauve Mania Lipstick,1 stk
13,sminke-og-skjonnhet,leppestift-liner-og-gloss,"kr 152,00","kr 152,00 per stk",Color Sensational Summer Pink Lipstick,1 stk
14,sminke-og-skjonnhet,leppestift-liner-og-gloss,"kr 152,00","kr 152,00 per stk",Made for all Color Sensational Fuchsia for me,1 stk
15,sminke-og-skjonnhet,leppestift-liner-og-gloss,"kr 141,10","kr 141,10 per stk",Color Sensational Tantalizing Taupe Lipstick,1 stk
16,sminke-og-skjonnhet,leppestift-liner-og-gloss,"kr 152,00","kr 152,00 per stk",Made for all Color Sensational Mauve for me,1 stk
17,sminke-og-skjonnhet,leppestift-liner-og-gloss,"kr 162,90","kr 162,90 per stk",Color Riche Shine 642 MLBB Lipstick,1 stk
18,sminke-og-skjonnhet,leppestift-liner-og-gloss,"kr 152,00","kr 152,00 per stk",Made for all Color Sensational Pink for me,1 stk
19,sminke-og-skjonnhet,leppestift-liner-og-gloss,"kr 152,00","kr 152,00 per stk",Made for all Color Sensational Plum for me,1 stk
20,sminke-og-skjonnhet,leppestift-liner-og-gloss,"kr 152,00","kr 152,00 per stk",Made for all Color Sensational Red for me,1 stk
21,sminke-og-skjonnhet,leppestift-liner-og-gloss,"kr 152,00","kr 152,00 per stk",Made for all Color Sensational Ruby for me,1 stk
0,sminke-og-skjonnhet,foundation-og-pudder,"kr 195,60","kr 195,60 per stk",True Match Ivory Rose 1R/1C Foundation,1 stk
1,sminke-og-skjonnhet,foundation-og-pudder,"kr 195,60","kr 195,60 per stk",True Match Vanilla 2N Foundation,1 stk
2,sminke-og-skjonnhet,foundation-og-pudder,"kr 195,60","kr 195,60 per stk",True Match Vanilla Rose 2R/2C Foundation,1 stk
3,sminke-og-skjonnhet,foundation-og-pudder,"kr 195,60","kr 195,60 per stk",True Match Golden Beige 3D/3W Foundation,1 stk
4,sminke-og-skjonnhet,foundation-og-pudder,"kr 195,60","kr 195,60 per stk",True Match Beige Creme 3N  Foundation,1 stk
5,sminke-og-skjonnhet,foundation-og-pudder,"kr 195,60","kr 195,60 per stk",True Match Beige Rose 3R/3C Foundation,1 stk
6,sminke-og-skjonnhet,foundation-og-pudder,"kr 195,60","kr 195,60 per stk",True Match Sand Gold 5D/5W Foundation,1 stk
7,sminke-og-skjonnhet,foundation-og-pudder,"kr 195,60","kr 195,60 per stk",True Match Sand 5N Foundation,1 stk
8,sminke-og-skjonnhet,foundation-og-pudder,"kr 195,60","kr 195,60 per stk",True Match Amber Gold 7D/7W Foundation,1 stk
9,sminke-og-skjonnhet,foundation-og-pudder,"kr 195,60","kr 195,60 per stk",True Match Ivory Gold  1D/1W Foundation,1 stk
10,sminke-og-skjonnhet,foundation-og-pudder,"kr 141,10","kr 141,10 per stk",Instant Eraser 00 Ivory,1 stk
11,sminke-og-skjonnhet,foundation-og-pudder,"kr 141,10","kr 141,10 per stk",Instant Eraser 01 Light,1 stk
12,sminke-og-skjonnhet,foundation-og-pudder,"kr 141,10","kr 141,10 per stk",Instant Eraser 02 Nude,1 stk
13,sminke-og-skjonnhet,foundation-og-pudder,"kr 141,10","kr 141,10 per stk",Instant Eraser 03 Fair,1 stk
14,sminke-og-skjonnhet,foundation-og-pudder,"kr 129,10","kr 129,10 per stk",Instant Eraser 06 Neutralizer,1 stk
15,sminke-og-skjonnhet,foundation-og-pudder,"kr 130,20","kr 130,20 per stk",Instant Anti Age Eraser Warm light,1 stk
16,sminke-og-skjonnhet,foundation-og-pudder,"kr 162,90","kr 162,90 per stk",C’est Magique anti redness skin enhancer CC Cream,1 stk
17,sminke-og-skjonnhet,foundation-og-pudder,"kr 183,60","kr 183,60 per stk",C’est Magique skin perfector BB cream Light,1 stk
18,sminke-og-skjonnhet,foundation-og-pudder,"kr 183,60","kr 183,60 per stk",C’est Magique skin perfector BB cream Medium Light,1 stk
19,sminke-og-skjonnhet,foundation-og-pudder,"kr 107,00","kr 107,00 per stk",Fit Me Concealer Fair,1 stk
20,sminke-og-skjonnhet,foundation-og-pudder,"kr 107,00","kr 107,00 per stk",Fit Me Concealer Ivory,1 stk
21,sminke-og-skjonnhet,foundation-og-pudder,"kr 107,00","kr 107,00 per stk",Fit Me Concealer Light,1 stk
22,sminke-og-skjonnhet,foundation-og-pudder,"kr 107,00","kr 107,00 per stk",Fit Me Concealer Sand,1 stk
23,sminke-og-skjonnhet,foundation-og-pudder,"kr 108,40","kr 108,40 per stk",Fit Me Matte & Poreless Classic Ivory Foundation,1 stk
24,sminke-og-skjonnhet,foundation-og-pudder,"kr 108,40","kr 108,40 per stk",Fit Me Matte & Poreless Ivory Foundation,1 stk
25,sminke-og-skjonnhet,foundation-og-pudder,"kr 108,40","kr 108,40 per stk",Fit Me Matte & Poreless Natural Beige Foundation,1 stk
26,sminke-og-skjonnhet,foundation-og-pudder,"kr 108,40","kr 108,40 per stk",Fit Me Matte & Poreless Natural Ivory Foundation,1 stk
27,sminke-og-skjonnhet,foundation-og-pudder,"kr 108,40","kr 108,40 per stk",Fit Me Matte & Poreless Porcelain Foundation,1 stk
28,sminke-og-skjonnhet,foundation-og-pudder,"kr 108,40","kr 108,40 per stk",Fit Me Matte & Poreless Warm Ivory Foundation,1 stk
29,sminke-og-skjonnhet,foundation-og-pudder,"kr 108,40","kr 108,40 per stk",Fit Me Matte & Poreless Ivory Powder,1 stk
30,sminke-og-skjonnhet,foundation-og-pudder,"kr 108,40","kr 108,40 per stk",Fit Me Matte & Poreless Natural Ivory Powder,1 stk
31,sminke-og-skjonnhet,foundation-og-pudder,"kr 108,40","kr 108,40 per stk",Fit Me Matte & Poreless Porcelain Powder,1 stk
32,sminke-og-skjonnhet,foundation-og-pudder,"kr 108,40","kr 108,40 per stk",Fit Me Matte & Poreless Transparent Powder,1 stk
33,sminke-og-skjonnhet,foundation-og-pudder,"kr 162,90","kr 162,90 per stk",Infallible Primer Anti redness,1 stk
34,sminke-og-skjonnhet,foundation-og-pudder,"kr 162,90","kr 162,90 per stk",Infallible Primer Mattifying,1 stk
35,sminke-og-skjonnhet,foundation-og-pudder,"kr 162,90","kr 162,90 per stk",Infallible Primer Pore Refining,1 stk
36,sminke-og-skjonnhet,foundation-og-pudder,"kr 158,50","kr 158,50 per stk",Back to Bronze Sunkiss,1 stk
37,sminke-og-skjonnhet,foundation-og-pudder,"kr 173,80","kr 173,80 per stk",Life’s a Peach Pudderblush,1 stk
38,sminke-og-skjonnhet,foundation-og-pudder,"kr 130,20","kr 130,20 per stk",True Match Concealer Beige,1 stk
39,sminke-og-skjonnhet,foundation-og-pudder,"kr 130,20","kr 130,20 per stk",True Match Concealer Creamy Beige,1 stk
40,sminke-og-skjonnhet,foundation-og-pudder,"kr 130,20","kr 130,20 per stk",True Match Concealer Ivory,1 stk
41,sminke-og-skjonnhet,foundation-og-pudder,"kr 130,20","kr 130,20 per stk",True Match Concealer Rose Vanilla,1 stk
42,sminke-og-skjonnhet,foundation-og-pudder,"kr 173,80","kr 173,80 per stk",True Match Powder Golden Beige,1 stk
43,sminke-og-skjonnhet,foundation-og-pudder,"kr 173,80","kr 173,80 per stk",True Match Powder Golden Sand,1 stk
44,sminke-og-skjonnhet,foundation-og-pudder,"kr 173,80","kr 173,80 per stk",True Match Powder Rose Beige,1 stk
45,sminke-og-skjonnhet,foundation-og-pudder,"kr 173,80","kr 173,80 per stk",True Match Powder Rose Ivory,1 stk
46,sminke-og-skjonnhet,foundation-og-pudder,"kr 173,80","kr 173,80 per stk",True Match Powder Vanilla,1 stk
0,sminke-og-skjonnhet,neglelakk-og-neglelakkfjerner,"kr 86,30","kr 86,30 per stk",Le Vernis A L'huile Greant Ireévérent,1 stk
1,sminke-og-skjonnhet,neglelakk-og-neglelakkfjerner,"kr 86,30","kr 86,30 per stk",Le Vernis A L'huile Rubis Folies,1 stk
0,sminke-og-skjonnhet,rens-og-bomull,"kr 65,20","kr 65,20 per stk",Micellar Milky Water,1 stk
1,sminke-og-skjonnhet,rens-og-bomull,"kr 38,30","kr 38,30 per stk",Micellar water 100ml,1 stk
2,sminke-og-skjonnhet,rens-og-bomull,"kr 64,00","kr 160,00 per l",Cleanser & Makeup Remover,400 ml
3,sminke-og-skjonnhet,rens-og-bomull,"kr 12,60","kr 126,00 per kg",Bomull,100 g
4,sminke-og-skjonnhet,rens-og-bomull,"kr 11,80","kr 0,15 per stk",Bomullspads,80 stk
5,sminke-og-skjonnhet,rens-og-bomull,"kr 99,20","kr 99,20 per stk",Pure Active 3in1 Intensive Charcoal,1 stk
6,sminke-og-skjonnhet,rens-og-bomull,"kr 55,80","kr 372,00 per l",Pure Active Ansiktsrens 3in1,"Skin Naturals, 150 ml"
7,sminke-og-skjonnhet,rens-og-bomull,"kr 51,50","kr 412,00 per l",Eye & Lip Express,"Vannfast Sminkefjerner, 125 ml"
8,sminke-og-skjonnhet,rens-og-bomull,"kr 14,40","kr 0,05 per stk",Bomullspinner,"Med Papirpinne, 300 stk"
9,sminke-og-skjonnhet,rens-og-bomull,"kr 22,50","kr 0,31 per stk",Bomullspinner Baby,72 stk
10,sminke-og-skjonnhet,rens-og-bomull,"kr 22,90","kr 0,11 per stk",Q-tips,206 stk
11,sminke-og-skjonnhet,rens-og-bomull,"kr 32,20","kr 1,29 per stk",Renseservietter,"Kind to Skin, 25 stk"
12,sminke-og-skjonnhet,rens-og-bomull,"kr 48,10","kr 2,41 per stk",Biodegradable Wipes,20 stk
13,sminke-og-skjonnhet,rens-og-bomull,"kr 46,60","kr 1,86 per stk",Makeup Remover Wipes,25 stk
14,sminke-og-skjonnhet,rens-og-bomull,"kr 9,00","kr 0,36 per stk",Ansiktsservietter,25 stk
15,sminke-og-skjonnhet,rens-og-bomull,"kr 36,00","kr 1,80 per stk",Ansiktsservietter,20 stk
16,sminke-og-skjonnhet,rens-og-bomull,"kr 27,90","kr 1,12 per stk",Cleansing Wipes Sensitive Face,25 stk
17,sminke-og-skjonnhet,rens-og-bomull,"kr 97,40","kr 97,40 per stk",Konjac Sponge Cleanser Garnier Bio,1 stk
18,sminke-og-skjonnhet,rens-og-bomull,"kr 80,90","kr 539,33 per l",Face Wash,150 ml
19,sminke-og-skjonnhet,rens-og-bomull,"kr 82,50","kr 550,00 per l",Lemongrass Purifying Gel Wash,"Cleanser, 150 ml"
20,sminke-og-skjonnhet,rens-og-bomull,"kr 76,90","kr 615,20 per l",Refresh and Hydrate Face Cleansing Gel,125 ml
21,sminke-og-skjonnhet,rens-og-bomull,"kr 17,50","kr 0,12 per stk",Ansiktsservietter,150 stk
22,sminke-og-skjonnhet,rens-og-bomull,"kr 27,80","kr 2,78 per stk",Fresh Intimservietter,10 stk
23,sminke-og-skjonnhet,rens-og-bomull,"kr 13,80","kr 1,15 per stk",Libresse V-care Intimservietter,12 stk
0,hygieneartikler,tannpleie,"kr 29,00","kr 386,67 per l",Zendium Tannkrem Fresh+ White,75 ml
1,hygieneartikler,tannpleie,"kr 38,40","kr 512,00 per l",Zendium Classic,75 ml
2,hygieneartikler,tannpleie,"kr 27,80","kr 556,00 per l",Zendium Kids Tannkrem,"0-3 år, 50 ml"
3,hygieneartikler,tannpleie,"kr 26,70","kr 534,00 per l",Zendium Junior,"5+ år, 50 ml"
4,hygieneartikler,tannpleie,"kr 65,30","kr 130,60 per l",Zendium Classic Munnskyll,500 ml
5,hygieneartikler,tannpleie,"kr 36,50","kr 36,50 per stk",Tannbørste 0-5 år,"assortert variant, 1 stk"
6,hygieneartikler,tannpleie,"kr 24,50","kr 490,00 per l",Barnetannkrem,"Assortert design og smak, 0-6 år, 50 ml"
7,hygieneartikler,tannpleie,"kr 31,30","kr 626,00 per l",Junior Tannkrem,"Fra 6 -12 år, 50 ml"
8,hygieneartikler,tannpleie,"kr 33,30","kr 444,00 per l",Solidox Hvite Tenner,75 ml
9,hygieneartikler,tannpleie,"kr 33,30","kr 444,00 per l",Tannkrem Totalbeskyttelse,75 ml
10,hygieneartikler,tannpleie,"kr 33,30","kr 444,00 per l",Frisk Pust,75 ml
11,hygieneartikler,tannpleie,"kr 129,00","kr 64,50 per stk",Tannbørste Refil,"Precision Clean Head Refills, 2 stk"
12,hygieneartikler,tannpleie,"kr 26,40","kr 352,00 per l",Solidox Sterke Tenner,75 ml
13,hygieneartikler,tannpleie,"kr 37,60","kr 501,33 per l",Repair & Protect White,"Mot ising, 75 ml"
14,hygieneartikler,tannpleie,"kr 32,20","kr 429,33 per l",Tannkrem Gentle White,75 ml
15,hygieneartikler,tannpleie,"kr 32,20","kr 429,33 per l",Sensodyne Original,75 ml
16,hygieneartikler,tannpleie,"kr 32,80","kr 437,33 per l",Tannkrem Max Fresh,"Cooling Crystals, 75 ml"
17,hygieneartikler,tannpleie,"kr 32,80","kr 437,33 per l",Colgate Total Original,"Whitening Mix, 75 ml"
18,hygieneartikler,tannpleie,"kr 28,60","kr 381,33 per l",Tannkrem Sens White,75 ml
19,hygieneartikler,tannpleie,"kr 17,70","kr 236,00 per l",Tannkrem Karies Kontroll,75 ml
20,hygieneartikler,tannpleie,"kr 9,80","kr 130,67 per l",Tannkrem Mint,75 ml
21,hygieneartikler,tannpleie,"kr 37,60","kr 37,60 per stk",Jordan Tannbørste,"0-2 år, Assortert Farge, 1 stk"
22,hygieneartikler,tannpleie,"kr 36,40","kr 36,40 per stk",Tannbørste,"3-5 År, Assortert farge, 1 stk"
23,hygieneartikler,tannpleie,"kr 37,50","kr 37,50 per stk",Tannbørste,"6-9 år, Assortert Farge, 1 stk"
24,hygieneartikler,tannpleie,"kr 38,40","kr 38,40 per stk",Tannbørste Individual Precision,"Soft, Assortert Design, 1 stk"
25,hygieneartikler,tannpleie,"kr 38,50","kr 38,50 per stk",Tannbørste Individual Precision,"Medium, Assortert Design, 1 stk"
26,hygieneartikler,tannpleie,"kr 36,60","kr 36,60 per stk",Tannbørste Individual Clean,"Medium, Assortert Design, 1 stk"
27,hygieneartikler,tannpleie,"kr 37,80","kr 37,80 per stk",Tannbørste Ultimate You Soft,"Assortert Variant, 1 stk"
28,hygieneartikler,tannpleie,"kr 26,80","kr 26,80 per stk",Tannbørste Clean Between,"Soft Flosser, Assortert Design, 1 stk"
29,hygieneartikler,tannpleie,"kr 48,70","kr 48,70 per stk",Jordan TB Expert Clean,"Medium, 1 stk"
30,hygieneartikler,tannpleie,"kr 31,20","kr 31,20 per stk",Tannbørste Target Medium,1 stk
31,hygieneartikler,tannpleie,"kr 44,00","kr 44,00 per stk",Jordan Tannbørste Green Clean,"Soft, 1 stk"
32,hygieneartikler,tannpleie,"kr 44,00","kr 44,00 per stk",Tannbørste Green Clean,"Medium, 1 stk"
33,hygieneartikler,tannpleie,"kr 60,10","kr 60,10 per stk",Green Clean Flosser,"1 + 5 refill, 1 stk"
34,hygieneartikler,tannpleie,"kr 38,80","kr 38,80 per stk",Tannbørste Medium Blå,"Voksen ,100% Nedbrytbar, 1 stk"
35,hygieneartikler,tannpleie,"kr 11,30","kr 3,77 per stk",Tannbørster,"Medium, 3 stk"
36,hygieneartikler,tannpleie,"kr 60,30","kr 0,40 per stk",Fluortablett Mix,"Assorterte smaker, 150 stk"
37,hygieneartikler,tannpleie,"kr 48,40","kr 2,42 per stk",Easy Clean Flosser Refill,20 stk
38,hygieneartikler,tannpleie,"kr 53,60","kr 1,49 per bruk",Kids Flosser Kit,1 stk
39,hygieneartikler,tannpleie,"kr 40,00","kr 2,00 per stk",Clean Between,"Tannstikkere, 20 stk"
40,hygieneartikler,tannpleie,"kr 30,60","kr 0,31 per stk",Tannstikker Dobbeltspisset,100 stk
41,hygieneartikler,tannpleie,"kr 40,20","kr 0,32 per stk",Tannstikkere Bordpakning,125 stk
42,hygieneartikler,tannpleie,"kr 49,80","kr 49,80 per stk",Tanntråd Easyslide,1 stk
43,hygieneartikler,tannpleie,"kr 48,60","kr 1,94 per m",Tanntråd Expand Fresh,25 m
44,hygieneartikler,tannpleie,"kr 34,50","kr 0,69 per m",Tanntråd Dentotape Slim,50 m
45,hygieneartikler,tannpleie,"kr 59,80","kr 119,60 per l",Listerine Fluoride,"0,5 l"
46,hygieneartikler,tannpleie,"kr 35,80","kr 71,60 per l",Listerine Total Care,500 ml
47,hygieneartikler,tannpleie,"kr 59,80","kr 119,60 per l",Munnskyll Plax Blå,"Cool Mint, 0,5 l"
48,hygieneartikler,tannpleie,"kr 67,60","kr 901,33 per l",Vademecum Munnvann Original,75 ml
49,hygieneartikler,tannpleie,"kr 29,90","kr 29,90 per stk",Reisetannbørste,"Med veske og tannkrem, 1 stk"
50,hygieneartikler,tannpleie,"kr 599,00","kr 599,00 per stk",Eltannbørste Oral-b Pro 2300,1 stk
0,hygieneartikler,deodorant,"kr 45,30","kr 906,00 per l",Neutral Deo Roll-on,"Uten Parfyme, Anti Marks, 50 ml"
1,hygieneartikler,deodorant,"kr 47,90","kr 958,00 per l",Roll-on Aloe Vera,50 ml
2,hygieneartikler,deodorant,"kr 49,10","kr 982,00 per l",Blooming Freesia Deo,50 ml
3,hygieneartikler,deodorant,"kr 48,50","kr 970,00 per l",Lilly Blossom Roll-On,50 ml
4,hygieneartikler,deodorant,"kr 29,80","kr 596,00 per l",Coconut Care Deo 50ml,50 ml
5,hygieneartikler,deodorant,"kr 29,80","kr 596,00 per l",Bright Blossom Deo,50 ml
6,hygieneartikler,deodorant,"kr 36,60","kr 915,00 per l",Go Fresh Stick,40 ml
7,hygieneartikler,deodorant,"kr 24,50","kr 490,00 per l",Talc Soft Roll On,50 ml
8,hygieneartikler,deodorant,"kr 44,20","kr 884,00 per l",Go Fresh Roll-On,50 ml
9,hygieneartikler,deodorant,"kr 24,50","kr 490,00 per l",Dove Original Roll On,50 ml
10,hygieneartikler,deodorant,"kr 54,40","kr 1088,00 per l",Roll-On Refreshing,50 ml
11,hygieneartikler,deodorant,"kr 54,40","kr 1088,00 per l",Roll-On Pampering,50 ml
12,hygieneartikler,deodorant,"kr 36,80","kr 736,00 per l",Black & White Silky Smooth,"Roll-on, 50 ml"
13,hygieneartikler,deodorant,"kr 23,80","kr 476,00 per l",Deo Dry Comfort,"Roll-on, 50 ml"
14,hygieneartikler,deodorant,"kr 34,60","kr 692,00 per l",Pleiende Deodorant,50 ml
15,hygieneartikler,deodorant,"kr 46,10","kr 922,00 per l",Roll-on Sport Fresh,50 ml
16,hygieneartikler,deodorant,"kr 46,10","kr 922,00 per l",Power Dry Roll-On,50 ml
17,hygieneartikler,deodorant,"kr 28,50","kr 570,00 per l",Dry Impact Deo,"Rollon, 50 ml"
18,hygieneartikler,deodorant,"kr 42,40","kr 848,00 per l",Black & White Fresh Rollon,50 ml
19,hygieneartikler,deodorant,"kr 38,90","kr 778,00 per l",Men Expert Thermic Resist Deodorant Roll-on,50 ml
20,hygieneartikler,deodorant,"kr 40,60","kr 812,00 per l",Men Expert Deo Roll-on Invincible Sport,50 ml
21,hygieneartikler,deodorant,"kr 55,00","kr 366,67 per l",Black Deospray,150 ml
22,hygieneartikler,deodorant,"kr 13,20","kr 264,00 per l",Deo Unisex,50 ml
0,hygieneartikler,bind-og-tamponger,"kr 50,20","kr 0,84 per stk",Truseinnlegg Normal,60 stk
1,hygieneartikler,bind-og-tamponger,"kr 37,40","kr 1,44 per stk",Bind Ultra Normal+,26 stk
2,hygieneartikler,bind-og-tamponger,"kr 21,90","kr 1,37 per stk",Always Ultra Normal,16 stk
3,hygieneartikler,bind-og-tamponger,"kr 19,60","kr 1,63 per stk",Bind Ultra Long+ Med Vinger,12 stk
4,hygieneartikler,bind-og-tamponger,"kr 34,40","kr 1,91 per stk",Bind Ultra Night,18 stk
5,hygieneartikler,bind-og-tamponger,"kr 43,60","kr 2,73 per stk",Always Bind Secure Night,16 stk
6,hygieneartikler,bind-og-tamponger,"kr 47,60","kr 0,79 per stk",Truseinnlegg Normal,"2pk, 60 stk"
7,hygieneartikler,bind-og-tamponger,"kr 33,40","kr 1,11 per stk",Truseinnlegg So Slim,30 stk
8,hygieneartikler,bind-og-tamponger,"kr 36,60","kr 1,83 per stk",Libresse Truseinnlegg X-tra Long,20 stk
9,hygieneartikler,bind-og-tamponger,"kr 32,80","kr 2,34 per stk",Normal Wing Bind,14 stk
10,hygieneartikler,bind-og-tamponger,"kr 24,00","kr 1,71 per stk",Bind Invisible Clip Normal,14 stk
11,hygieneartikler,bind-og-tamponger,"kr 41,10","kr 4,11 per stk",Libresse Maxi Goodnight Bind,"Wing, 10 stk"
12,hygieneartikler,bind-og-tamponger,"kr 32,00","kr 3,20 per stk",Bind Ultra Night Wing,10 stk
13,hygieneartikler,bind-og-tamponger,"kr 22,80","kr 2,28 per stk",Bind Maxi Night 3 med Vinger,10 stk
14,hygieneartikler,bind-og-tamponger,"kr 29,50","kr 2,46 per stk",Bind Pure Sensitive Normal,12 stk
15,hygieneartikler,bind-og-tamponger,"kr 34,20","kr 1,32 per stk",Truseinnlegg sensitiv,26 stk
16,hygieneartikler,bind-og-tamponger,"kr 33,40","kr 1,11 per stk",Libresse String,"Truseinnlegg 30stk, 30 stk"
17,hygieneartikler,bind-og-tamponger,"kr 32,80","kr 1,03 per stk",Truseinnlegg,"Normal 32stk, 32 stk"
18,hygieneartikler,bind-og-tamponger,"kr 32,90","kr 1,10 per stk",Truseinnlegg Normal Liner,30 stk
19,hygieneartikler,bind-og-tamponger,"kr 30,30","kr 1,38 per stk",Truseinnlegg Liner Long Plus,22 stk
20,hygieneartikler,bind-og-tamponger,"kr 25,00","kr 0,96 per stk",Truseinnlegg Liner Large,26 stk
21,hygieneartikler,bind-og-tamponger,"kr 28,70","kr 0,96 per stk",Truseinnlegg Normal,30 stk
22,hygieneartikler,bind-og-tamponger,"kr 48,10","kr 0,93 per stk",Always Truseinnlegg Large,52 stk
23,hygieneartikler,bind-og-tamponger,"kr 279,00","kr 279,00 per stk",Menstruasjonskopp Str. M,"Økologisk, 1 stk"
24,hygieneartikler,bind-og-tamponger,"kr 279,00","kr 279,00 per stk",Menstruasjonskopp Str. L,"Økologisk, 1 stk"
25,hygieneartikler,bind-og-tamponger,"kr 44,90","kr 2,49 per stk","Tamponger Regular, Ikke Klorbleket","Økologisk, 18 stk"
26,hygieneartikler,bind-og-tamponger,"kr 54,90","kr 3,43 per stk","Tamponger med Innføringshylse Normal, Ikke Klorbleket","Økologisk, 16 stk"
27,hygieneartikler,bind-og-tamponger,"kr 54,90","kr 3,92 per stk","Tamponger med innføringshylse Super, Ikke Klorbleket","Økologisk, 14 stk"
28,hygieneartikler,bind-og-tamponger,"kr 54,90","kr 3,92 per stk","Tamponger med Innføringshylse Superplus, Ikke Klorbleket","Økologisk, 14 stk"
29,hygieneartikler,bind-og-tamponger,"kr 33,10","kr 1,84 per stk",Tampax Tampong Compak Pearl,"Regular, 18 stk"
30,hygieneartikler,bind-og-tamponger,"kr 34,30","kr 1,91 per stk",Tampax Tampong Compak Pearl,"Super, 18 stk"
31,hygieneartikler,bind-og-tamponger,"kr 30,60","kr 1,91 per stk",Tampong Normal,16 stk
32,hygieneartikler,bind-og-tamponger,"kr 27,30","kr 1,71 per stk",Tamponger Super,16 stk
33,hygieneartikler,bind-og-tamponger,"kr 29,90","kr 1,87 per stk",Pro Comfort,"Normal 16stk, 16 stk"
34,hygieneartikler,bind-og-tamponger,"kr 21,80","kr 1,36 per stk",Pro Comfort Mini,16 stk
35,hygieneartikler,bind-og-tamponger,"kr 22,10","kr 1,38 per stk",Pro Comfort Super Plus,16 stk
36,hygieneartikler,bind-og-tamponger,"kr 14,10","kr 0,88 per stk",Pro Comfort Super,16 stk
37,hygieneartikler,bind-og-tamponger,"kr 49,80","kr 1,78 per stk",Tena Lady Ultra Mini,"Truseinnlegg, 28 stk"
38,hygieneartikler,bind-og-tamponger,"kr 24,00","kr 1,50 per stk",Normal Bind,16 stk
39,hygieneartikler,bind-og-tamponger,"kr 44,50","kr 1,59 per stk",Bind Normal Wing,"2pk, 28 stk"
40,hygieneartikler,bind-og-tamponger,"kr 40,00","kr 0,80 per stk",Truseinnlegg Classic,50 stk
41,hygieneartikler,bind-og-tamponger,"kr 48,40","kr 2,42 per stk",Tena Discreet Mini,20 stk
42,hygieneartikler,bind-og-tamponger,"kr 13,80","kr 1,15 per stk",Libresse V-care Intimservietter,12 stk
43,hygieneartikler,bind-og-tamponger,"kr 10,90","kr 0,34 per stk",Tamponger,32 stk
44,hygieneartikler,bind-og-tamponger,"kr 10,00","kr 0,31 per stk",Truseinnlegg,32 stk
0,hygieneartikler,bomull-og-vatservietter,"kr 32,20","kr 1,29 per stk",Renseservietter,"Kind to Skin, 25 stk"
1,hygieneartikler,bomull-og-vatservietter,"kr 48,10","kr 2,41 per stk",Biodegradable Wipes,20 stk
2,hygieneartikler,bomull-og-vatservietter,"kr 36,00","kr 1,80 per stk",Ansiktsservietter,20 stk
3,hygieneartikler,bomull-og-vatservietter,"kr 46,60","kr 1,86 per stk",Makeup Remover Wipes,25 stk
4,hygieneartikler,bomull-og-vatservietter,"kr 27,90","kr 1,12 per stk",Cleansing Wipes Sensitive Face,25 stk
5,hygieneartikler,bomull-og-vatservietter,"kr 9,00","kr 0,36 per stk",Ansiktsservietter,25 stk
6,hygieneartikler,bomull-og-vatservietter,"kr 64,00","kr 160,00 per l",Cleanser & Makeup Remover,400 ml
7,hygieneartikler,bomull-og-vatservietter,"kr 38,30","kr 38,30 per stk",Micellar water 100ml,1 stk
8,hygieneartikler,bomull-og-vatservietter,"kr 51,50","kr 412,00 per l",Eye & Lip Express,"Vannfast Sminkefjerner, 125 ml"
9,hygieneartikler,bomull-og-vatservietter,"kr 65,20","kr 65,20 per stk",Micellar Milky Water,1 stk
10,hygieneartikler,bomull-og-vatservietter,"kr 55,80","kr 372,00 per l",Pure Active Ansiktsrens 3in1,"Skin Naturals, 150 ml"
11,hygieneartikler,bomull-og-vatservietter,"kr 80,90","kr 539,33 per l",Face Wash,150 ml
12,hygieneartikler,bomull-og-vatservietter,"kr 76,90","kr 615,20 per l",Refresh and Hydrate Face Cleansing Gel,125 ml
13,hygieneartikler,bomull-og-vatservietter,"kr 82,50","kr 550,00 per l",Lemongrass Purifying Gel Wash,"Cleanser, 150 ml"
14,hygieneartikler,bomull-og-vatservietter,"kr 99,20","kr 99,20 per stk",Pure Active 3in1 Intensive Charcoal,1 stk
15,hygieneartikler,bomull-og-vatservietter,"kr 108,40","kr 108,40 per stk",Hydra Energetic After Shave Balm 24H,1 stk
16,hygieneartikler,bomull-og-vatservietter,"kr 71,10","kr 71,10 per stk",Hydra Energetic Cleanser,1 stk
17,hygieneartikler,bomull-og-vatservietter,"kr 97,40","kr 97,40 per stk",Konjac Sponge Cleanser Garnier Bio,1 stk
18,hygieneartikler,bomull-og-vatservietter,"kr 11,80","kr 0,15 per stk",Bomullspads,80 stk
19,hygieneartikler,bomull-og-vatservietter,"kr 14,40","kr 0,05 per stk",Bomullspinner,"Med Papirpinne, 300 stk"
20,hygieneartikler,bomull-og-vatservietter,"kr 22,50","kr 0,31 per stk",Bomullspinner Baby,72 stk
21,hygieneartikler,bomull-og-vatservietter,"kr 22,90","kr 0,11 per stk",Q-tips,206 stk
22,hygieneartikler,bomull-og-vatservietter,"kr 12,60","kr 126,00 per kg",Bomull,100 g
23,hygieneartikler,bomull-og-vatservietter,"kr 46,40","kr 618,67 per l",Express Nail Polish Remover,"Acetone Free, 75 ml"
24,hygieneartikler,bomull-og-vatservietter,"kr 13,80","kr 1,15 per stk",Libresse V-care Intimservietter,12 stk
25,hygieneartikler,bomull-og-vatservietter,"kr 27,80","kr 2,78 per stk",Fresh Intimservietter,10 stk
26,hygieneartikler,bomull-og-vatservietter,"kr 17,50","kr 0,12 per stk",Ansiktsservietter,150 stk
27,hygieneartikler,bomull-og-vatservietter,"kr 17,30","kr 1,15 per stk",Lommeletter,15 stk
0,hygieneartikler,barbering,"kr 416,10","kr 52,01 per stk",Barberblad Fusion,8 stk
1,hygieneartikler,barbering,"kr 221,20","kr 27,65 per stk",Barberblader Mach 3,8 stk
2,hygieneartikler,barbering,"kr 218,90","kr 54,73 per stk",Fusion Proglide 5,4 stk
3,hygieneartikler,barbering,"kr 218,90","kr 54,73 per stk",Gillette Barberblad Proshield 4,4 stk
4,hygieneartikler,barbering,"kr 113,50","kr 113,50 per stk",Gillette Barberhøvel Fusion,1 stk
5,hygieneartikler,barbering,"kr 108,90","kr 108,90 per stk",Barberhøvel Skinguard Sensitive 2up,1 stk
6,hygieneartikler,barbering,"kr 91,90","kr 91,90 per stk",Barberhøvel Mach 3,1 stk
7,hygieneartikler,barbering,"kr 178,90","kr 178,90 per stk",Barberhøvel Proglide Power,1 stk
8,hygieneartikler,barbering,"kr 36,60","kr 9,15 per stk",Gillette Engangshøvel Blue3 Smooth,4 stk
9,hygieneartikler,barbering,"kr 168,90","kr 42,23 per stk",Barberblad Skinguard Sensitive,4 stk
10,hygieneartikler,barbering,"kr 49,30","kr 246,50 per l",Barbergel Skinguard Sensitive,200 ml
11,hygieneartikler,barbering,"kr 45,60","kr 228,00 per l",Barbergel,200 ml
12,hygieneartikler,barbering,"kr 36,60","kr 183,00 per l",Barbergel Fusion Ultramoist,"Hydrating, 200 ml"
13,hygieneartikler,barbering,"kr 33,10","kr 165,50 per l",Barbergel Mann,200 ml
14,hygieneartikler,barbering,"kr 33,10","kr 132,40 per l",Barberskum Sensitive,250 ml
15,hygieneartikler,barbering,"kr 19,60","kr 98,00 per l",Barberskum Regular Skum,200 ml
16,hygieneartikler,barbering,"kr 157,90","kr 39,48 per stk",Barberblad Venus Comfortglide Breeze,4 stk
17,hygieneartikler,barbering,"kr 380,40","kr 47,55 per stk",Barberblad Venus Divine,8 stk
18,hygieneartikler,barbering,"kr 218,90","kr 54,73 per stk",Barberblad Venus Extra Smooth Sensitive,4 stk
19,hygieneartikler,barbering,"kr 113,90","kr 113,90 per stk",Barberhøvel Venus Divine,1 stk
20,hygieneartikler,barbering,"kr 31,00","kr 155,00 per l",Satincare Pure & Delicate,200 ml
21,hygieneartikler,barbering,"kr 31,10","kr 155,50 per l",Barbergel Dame,200 ml
22,hygieneartikler,barbering,"kr 63,60","kr 318,00 per l",Hårfjerner Krem Normal,200 ml
23,hygieneartikler,barbering,"kr 116,80","kr 5,84 per stk",Hårfjerning Wax Strips,"voksstrips voks veet, 20 stk"
24,hygieneartikler,barbering,"kr 199,90","kr 199,90 per stk",Nese/ørehårtrimmer,"Philips 115, 1 stk"
25,hygieneartikler,barbering,"kr 499,90","kr 499,90 per stk",Oneblade Face + Body Elektrisk Barberhøvel,"QP 2620/20, 1 stk"
0,hygieneartikler,prevensjon,"kr 90,90","kr 11,36 per stk",Kondom True Feeling,8 stk
1,hygieneartikler,prevensjon,"kr 60,70","kr 6,07 per stk",Kondomer,"Profil, 10 stk"
2,hygieneartikler,prevensjon,"kr 84,90","kr 84,90 per stk",Graviditetstest,1 stk
0,legemidler-og-helsekost,legemidler,"kr 49,90","kr 4,99 per stk",Munnbind type II 10 pk,10 stk
1,legemidler-og-helsekost,legemidler,,"kr 22,40 per stk",Ansiktsmaske KN95,"Egenbeskyttelse, 4 lag, 10 stk"
2,legemidler-og-helsekost,legemidler,"kr 35,40","kr 1,77 per stk",Paracet Tablett,"500mg, 20 stk"
3,legemidler-og-helsekost,legemidler,"kr 57,30","kr 2,87 per stk",Paracet Brusetablett,"500mg, 20 stk"
4,legemidler-og-helsekost,legemidler,"kr 49,80","kr 4,98 per stk",Paracet Stikkpille,"4-18 mnd, 125mg, 10 stk"
5,legemidler-og-helsekost,legemidler,"kr 49,20","kr 4,92 per stk",Paracet Stikkpille,"1,5-9 år, 250mg, 10 stk"
6,legemidler-og-helsekost,legemidler,"kr 52,90","kr 881,67 per l",Paracet Mikstur,"24mg, 60 ml"
7,legemidler-og-helsekost,legemidler,"kr 30,30","kr 1,52 per stk",Smertestillende Tabletter,"20stk, 500mg, 20 stk"
8,legemidler-og-helsekost,legemidler,"kr 46,80","kr 2,34 per stk",Ibux Ibuprofen tabletter,"200mg, 20 stk"
9,legemidler-og-helsekost,legemidler,"kr 78,00","kr 3,90 per stk",Ibux Kapsler 200mg,20 stk
10,legemidler-og-helsekost,legemidler,"kr 65,80","kr 6580,00 per l",Otrivin Nesespray Voksen,"1mg, 10 ml"
11,legemidler-og-helsekost,legemidler,"kr 68,80","kr 6880,00 per l",Otrivin Nesespray Menthol,"1mg, 10 ml"
12,legemidler-og-helsekost,legemidler,"kr 77,40","kr 7740,00 per l",Otrivin Comp Nesespray,"1mg, 10 ml"
13,legemidler-og-helsekost,legemidler,"kr 68,80","kr 6880,00 per l",Otrivin Nesespray,"0,5mg, 10 ml"
14,legemidler-og-helsekost,legemidler,"kr 82,30","kr 1646,00 per l",Otricare Aloe Vera Saltvannsspray,50 ml
15,legemidler-og-helsekost,legemidler,"kr 87,90","kr 4,88 per stk",Otribaby Saltvann,"18 x 5 ml, 18 stk"
16,legemidler-og-helsekost,legemidler,"kr 185,90","kr 8,85 per stk",Zyrtec Allergitabletter,"10mg, 21 stk"
17,legemidler-og-helsekost,legemidler,"kr 51,20","kr 512,00 per l",Tussin Hostemikstur,100 ml
18,legemidler-og-helsekost,legemidler,"kr 51,20","kr 512,00 per l",Pyrisept Oppløsning,"1 mg/ml, 100 ml"
19,legemidler-og-helsekost,legemidler,"kr 119,10","kr 7,44 per stk",Imodium Tabletter,"2mg, 16 stk"
20,legemidler-og-helsekost,legemidler,"kr 218,90","kr 9,12 per stk",Pepcid,"10 mg, 24 stk"
21,legemidler-og-helsekost,legemidler,"kr 24,20","kr 1,34 per bruk",Samarin,18 bruk
22,legemidler-og-helsekost,legemidler,"kr 232,00","kr 2320,00 per l",10 Minutter Linicin Shampoo,"Mot Lus, 100 ml"
0,legemidler-og-helsekost,plaster,"kr 63,70","kr 10,62 per stk",Gnagsårplaster,6 stk
1,legemidler-og-helsekost,plaster,"kr 105,90","kr 21,18 per stk",Compeed Gnagsårplaster Medium,5 stk
2,legemidler-og-helsekost,plaster,"kr 24,80","kr 0,89 per stk",Aqua Resist Mix Plaster,28 stk
3,legemidler-og-helsekost,plaster,"kr 24,30","kr 32,40 per m",Plaster Textile Elastic,75 cm
4,legemidler-og-helsekost,plaster,"kr 43,50","kr 3,63 per stk",Vannfast Plaster,12 stk
5,legemidler-og-helsekost,plaster,"kr 56,60","kr 2,83 per stk",Minions Plaster,20 stk
0,legemidler-og-helsekost,helsekost,"kr 83,90","kr 1,40 per stk",Vitaminbjørner,60 stk
1,legemidler-og-helsekost,helsekost,"kr 99,90","kr 1,67 per stk",Collett Vitaminbjørner Cola,60 stk
2,legemidler-og-helsekost,helsekost,"kr 146,90","kr 293,80 per l",Möller's Tran Sitron,500 ml
3,legemidler-og-helsekost,helsekost,"kr 113,00","kr 226,00 per l",Tran,"Naturell, 500 ml"
4,legemidler-og-helsekost,helsekost,"kr 89,80","kr 0,62 per stk",Trippel Omega-3,144 stk
5,legemidler-og-helsekost,helsekost,"kr 124,90","kr 2,78 per stk",Omega-3 Fisk,45 stk
6,legemidler-og-helsekost,helsekost,"kr 99,80","kr 0,83 per stk",Trippel Omega-3 Barn,120 stk
7,legemidler-og-helsekost,helsekost,"kr 68,40","kr 152,00 per kg",Maltextrakt,450 g
8,legemidler-og-helsekost,helsekost,"kr 261,60","kr 523,20 per kg",Intensiv Sjokolade Shake,"0,5 kg"
9,legemidler-og-helsekost,helsekost,"kr 84,90","kr 169,80 per l",Sana-sol,"Uten sukker, 500 ml"
10,legemidler-og-helsekost,helsekost,"kr 160,60","kr 0,56 per stk",Trippel Omega-3,"2 pk, 288 stk"
11,legemidler-og-helsekost,helsekost,"kr 103,90","kr 103,90 per stk",Möller's Den Originale,"112 kapsler, 1 stk"
12,legemidler-og-helsekost,helsekost,"kr 60,90","kr 0,81 per stk",B-vitamin,75 stk
13,legemidler-og-helsekost,helsekost,"kr 59,80","kr 0,63 per stk",C-max Appelsin,95 stk
14,legemidler-og-helsekost,helsekost,"kr 107,90","kr 0,77 per stk",Magnesium,140 stk
15,legemidler-og-helsekost,helsekost,"kr 113,40","kr 1,51 per stk",Jern Tyggetablett,"75 tabletter, 75 stk"
16,legemidler-og-helsekost,helsekost,"kr 107,90","kr 0,83 per stk",Kostpluss Multitotal,130 stk
17,legemidler-og-helsekost,helsekost,"kr 54,80","kr 2,74 per stk",Stay Sharp Fersken & Aprikos,"Brusetabletter, 20 stk"
18,legemidler-og-helsekost,helsekost,"kr 152,90","kr 611,60 per l",Floradix Formula Jern & Vitaminer,250 ml
19,legemidler-og-helsekost,helsekost,"kr 77,90","kr 0,78 per stk",Vitamineral,100 stk
20,legemidler-og-helsekost,helsekost,"kr 56,80","kr 2,37 per stk",Halstabletter med Honning & Sitron,"Sukkerfri, 60 g"
21,legemidler-og-helsekost,helsekost,"kr 57,80","kr 2,89 per stk",C-boost Sitron C-vitamin,"1000 mg, 20 stk"
22,legemidler-og-helsekost,helsekost,"kr 59,60","kr 2,98 per stk",Skin Glow Eple & Mint,"Brusetabeltter, 20 stk"
23,legemidler-og-helsekost,helsekost,"kr 51,70","kr 172,33 per kg",Engelsk Ølgjær Protein,300 g
24,legemidler-og-helsekost,helsekost,"kr 148,90","kr 4,96 per stk",Gerimax Extreme Energy,30 stk
25,legemidler-og-helsekost,helsekost,"kr 39,80","kr 1,99 per stk",Sår Hals med Råmelk,20 stk
26,legemidler-og-helsekost,helsekost,"kr 111,30","kr 0,93 per stk",Trippel Omega-3 Kvinne,120 stk
0,legemidler-og-helsekost,proteinbar-og-muslibar,"kr 28,50","kr 206,52 per kg",Müslibar Sjokolade og Kokos,"6 stk, 138 g"
1,legemidler-og-helsekost,proteinbar-og-muslibar,"kr 28,00","kr 202,90 per kg",Müslibar Hasselnøtt og Havre,"6 stk, 138 g"
2,legemidler-og-helsekost,proteinbar-og-muslibar,"kr 28,00","kr 202,90 per kg",Müslibar Sjokolade og Nøtter 23g 6pk,"6 stk, 138 g"
3,legemidler-og-helsekost,proteinbar-og-muslibar,"kr 105,70","kr 26,43 per stk",Smooth Caramel,4 stk
4,legemidler-og-helsekost,proteinbar-og-muslibar,"kr 100,40","kr 418,33 per kg",Premium Dark Chocolate,"4pk, 0,24 kg"
5,legemidler-og-helsekost,proteinbar-og-muslibar,"kr 55,90","kr 508,18 per kg",Chunky Peanut,"2pk, 110 g"
6,legemidler-og-helsekost,proteinbar-og-muslibar,"kr 33,40","kr 835,00 per kg",Toffee Fudge,40 g
7,legemidler-og-helsekost,proteinbar-og-muslibar,"kr 16,80","kr 672,00 per kg",Max99 Müslibar,"Havrekjeks & Melkesjokolade, 25 g"
8,legemidler-og-helsekost,proteinbar-og-muslibar,"kr 34,80","kr 696,00 per kg",Maxim 40% Brownie,"Proteinbar, 50 g"
9,legemidler-og-helsekost,proteinbar-og-muslibar,"kr 34,80","kr 696,00 per kg",Maxim 40% Salty Caramel,"Proteinbar, 50 g"
10,legemidler-og-helsekost,proteinbar-og-muslibar,"kr 32,80","kr 596,36 per kg",Maxim Hero Chocolate,"Proteinbar, 55 g"
11,legemidler-og-helsekost,proteinbar-og-muslibar,"kr 32,80","kr 328,00 per kg",Big 100 Salty Caramel,100 g
12,legemidler-og-helsekost,proteinbar-og-muslibar,"kr 31,80","kr 578,18 per kg",Maxim Freaky Caramel,"Proteinbar, 55 g"
13,legemidler-og-helsekost,proteinbar-og-muslibar,"kr 31,80","kr 578,18 per kg",Wildly Lemon Ginger,"Proteinbar, 55 g"
14,legemidler-og-helsekost,proteinbar-og-muslibar,"kr 31,80","kr 578,18 per kg",Maxim Hunky Peanut,"Proteinbar, 55 g"
15,legemidler-og-helsekost,proteinbar-og-muslibar,"kr 35,90","kr 211,18 per kg",Alpen Bar Protein,"Berries & Yoghurt, 5 stk, 170 g"
16,legemidler-og-helsekost,proteinbar-og-muslibar,"kr 36,00","kr 720,00 per kg",Protein Bar Marzipan Classic 50g,50 g
0,legemidler-og-helsekost,nikotinprodukter,"kr 361,60","kr 3,44 per stk",Nicorette Classic,"4mg, 105 stk"
1,legemidler-og-helsekost,nikotinprodukter,"kr 228,90","kr 2,18 per stk",Nicorette Icemint,"2mg, 105 stk"
2,legemidler-og-helsekost,nikotinprodukter,"kr 224,90","kr 2,14 per stk",Nicorette Tyggegummi Fruitmint,"2mg, 105 stk"
3,legemidler-og-helsekost,nikotinprodukter,"kr 309,90","kr 2,95 per stk",Nicorette Icemint,"4mg, 105 stk"
4,legemidler-og-helsekost,nikotinprodukter,"kr 215,90","kr 2,25 per stk",Nicotinell Tyggegummi Icemint,"2 mg, 96 stk"
5,legemidler-og-helsekost,nikotinprodukter,"kr 217,90","kr 2,27 per stk",Nicotinell Tyggegummi Tropisk,"2 mg, 96 stk"
6,legemidler-og-helsekost,nikotinprodukter,"kr 344,70","kr 344,70 per stk",Nicorette Munnspray Mint,"1mg/dose, 150 doser, 1 stk"
7,legemidler-og-helsekost,nikotinprodukter,"kr 248,90","kr 2,59 per stk",Nicotinell Sugetablett Mint,"1mg, 96 stk"
8,legemidler-og-helsekost,nikotinprodukter,"kr 228,90","kr 2,86 per stk",Nicorette Sugetabletter,"2mg, 80 stk"
9,legemidler-og-helsekost,nikotinprodukter,"kr 305,00","kr 3,18 per stk",Nicotinell Icemint,"4 mg, 96 stk"
10,legemidler-og-helsekost,nikotinprodukter,"kr 226,90","kr 2,36 per stk",Nicotinell Lakris,"2 mg, 96 stk"
0,trening,proteinpulver-og-styrke,"kr 230,80","kr 230,80 per kg",100% Whey Protein Sjokolade,1 kg
1,trening,proteinpulver-og-styrke,"kr 230,80","kr 230,80 per kg",100% Whey Protein Jordbær,1 kg
2,trening,proteinpulver-og-styrke,"kr 219,40","kr 219,40 per kg",Big Mass Sjokolade,1 kg
3,trening,proteinpulver-og-styrke,"kr 219,40","kr 219,40 per kg",Big Mass Jordbær,1 kg
4,trening,proteinpulver-og-styrke,"kr 51,70","kr 172,33 per kg",Engelsk Ølgjær Protein,300 g
5,trening,proteinpulver-og-styrke,"kr 473,20","kr 157,73 per kg",Big Mass Jordbær,3 kg
6,trening,proteinpulver-og-styrke,"kr 92,40","kr 92,40 per kg",Eggehvite,1000 ml
7,trening,proteinpulver-og-styrke,"kr 76,40","kr 305,60 per kg",Pannekake & Vaffel Mix,"Classic, 250 g"
8,trening,proteinpulver-og-styrke,"kr 166,00","kr 415,00 per kg",Whey 100,"Chocolate, 400 g"
0,trening,sportsdrikke,"kr 29,80","kr 90,30 per l",Propud Milkshake Chocolate,"0,33 l"
1,trening,sportsdrikke,"kr 57,90","kr 115,80 per l",Proteinshake Strawberry,500 ml
2,trening,sportsdrikke,"kr 57,90","kr 115,80 per l",Proteinshake Chocolate,500 ml
3,trening,sportsdrikke,"kr 24,80","kr 75,15 per l",Yt Restitusjonsdrikk Kakao,330 ml
4,trening,sportsdrikke,"kr 22,80","kr 103,64 per l",YT proteinrik sjokoshake,220 ml
5,trening,sportsdrikke,"kr 22,00","kr 110,00 per l",Smartfish Recharge Omega 3,"Sportsdrikk, 200 ml"
6,trening,sportsdrikke,"kr 33,10","kr 165,50 per l",Smartfish Lipid+,"Sportsdrikk, 200 ml"
7,trening,sportsdrikke,"kr 33,10","kr 165,50 per l",Smartfish High Protein,"Sportsdrikk, 200 ml"
8,trening,sportsdrikke,"kr 103,90","kr 5,20 per stk",E-Burn Brusetablett,20 stk
9,trening,sportsdrikke,"kr 103,90","kr 5,20 per stk",E-Kick Brusetablett,20 stk
10,trening,sportsdrikke,"kr 103,90","kr 5,20 per stk",Fres Guarana Brusetablett,20 stk
11,trening,sportsdrikke,"kr 103,90","kr 5,20 per stk",Fres Grønn Te Brusetablett,20 stk
12,trening,sportsdrikke,"kr 31,80","kr 96,36 per l",Miami Strawberry,"0,33 l"
13,trening,sportsdrikke,"kr 28,80","kr 87,27 per l",Nocco Focus Cola,"0,33 l"
14,trening,sportsdrikke,"kr 31,50","kr 95,45 per l",Nocco Limón Del Sol,"0,33 l"
15,trening,sportsdrikke,"kr 38,00","kr 76,00 per l",Gatorade Cool Blue,"0,5 l"
16,trening,sportsdrikke,"kr 27,00","kr 54,00 per l",YT Sportsdrikk,"Appelsin, 0,5 l"
17,trening,sportsdrikke,"kr 26,70","kr 53,40 per l",Powerade Mountain Blast,"0,5 l"
18,trening,sportsdrikke,"kr 77,30","kr 39,04 per l",Aass Vørterøl,"6x0,33l, 1,98 l"
19,trening,sportsdrikke,"kr 19,40","kr 77,60 per l",Coke Energy,250 ml
20,trening,sportsdrikke,"kr 19,40","kr 77,60 per l",Coke Energy,"Uten Sukker, 0,25 l"
21,trening,sportsdrikke,"kr 28,00","kr 127,27 per l",YT Proteinrik 220ml,"Jordbær & banshake, 220 ml"
0,trening,maltidserstatter-og-mellommaltid,"kr 21,80","kr 114,74 per kg",YT proteinrik,"Sjokopudding, 190 g"
1,trening,maltidserstatter-og-mellommaltid,"kr 26,80","kr 141,05 per kg",YT Proteinrik Vaniljepudding,190 g
2,trening,maltidserstatter-og-mellommaltid,"kr 28,10","kr 66,90 per kg",TINE Protein Yoghurt med Pasjonsfrukt,420 g
3,trening,maltidserstatter-og-mellommaltid,"kr 28,00","kr 66,67 per kg",TINE  Protein Yoghurt Vanilje,420 g
4,trening,maltidserstatter-og-mellommaltid,"kr 230,80","kr 253,63 per kg",Proteinpannekake Mix,910 g
5,trening,maltidserstatter-og-mellommaltid,"kr 173,20","kr 346,40 per kg",Kreatin,500 g
6,trening,maltidserstatter-og-mellommaltid,"kr 24,60","kr 164,00 per kg",Go On Blåbær,150 g
7,trening,maltidserstatter-og-mellommaltid,"kr 19,40","kr 129,33 per kg",Go On Pasjonsfrukt,150 g
8,trening,maltidserstatter-og-mellommaltid,"kr 23,40","kr 156,00 per kg",Propud Chocolate,150 g
9,trening,maltidserstatter-og-mellommaltid,"kr 22,80","kr 152,00 per kg",Propud Chokladboll,150 g
10,trening,maltidserstatter-og-mellommaltid,"kr 28,00","kr 202,90 per kg",Müslibar Hasselnøtt og Havre,"6 stk, 138 g"
11,trening,maltidserstatter-og-mellommaltid,"kr 28,50","kr 206,52 per kg",Müslibar Sjokolade og Kokos,"6 stk, 138 g"
12,trening,maltidserstatter-og-mellommaltid,"kr 28,00","kr 202,90 per kg",Müslibar Sjokolade og Nøtter 23g 6pk,"6 stk, 138 g"
13,trening,maltidserstatter-og-mellommaltid,"kr 105,70","kr 26,43 per stk",Smooth Caramel,4 stk
14,trening,maltidserstatter-og-mellommaltid,"kr 100,40","kr 418,33 per kg",Premium Dark Chocolate,"4pk, 0,24 kg"
15,trening,maltidserstatter-og-mellommaltid,"kr 261,60","kr 523,20 per kg",Intensiv Sjokolade Shake,"0,5 kg"
16,trening,maltidserstatter-og-mellommaltid,"kr 55,90","kr 508,18 per kg",Chunky Peanut,"2pk, 110 g"
17,trening,maltidserstatter-og-mellommaltid,"kr 33,40","kr 835,00 per kg",Toffee Fudge,40 g
18,trening,maltidserstatter-og-mellommaltid,"kr 34,80","kr 696,00 per kg",Maxim 40% Salty Caramel,"Proteinbar, 50 g"
19,trening,maltidserstatter-og-mellommaltid,"kr 34,80","kr 696,00 per kg",Maxim 40% Brownie,"Proteinbar, 50 g"
20,trening,maltidserstatter-og-mellommaltid,"kr 31,80","kr 578,18 per kg",Maxim Freaky Caramel,"Proteinbar, 55 g"
21,trening,maltidserstatter-og-mellommaltid,"kr 32,80","kr 596,36 per kg",Maxim Hero Chocolate,"Proteinbar, 55 g"
22,trening,maltidserstatter-og-mellommaltid,"kr 31,80","kr 578,18 per kg",Maxim Hunky Peanut,"Proteinbar, 55 g"
23,trening,maltidserstatter-og-mellommaltid,"kr 31,80","kr 578,18 per kg",Wildly Lemon Ginger,"Proteinbar, 55 g"
24,trening,maltidserstatter-og-mellommaltid,"kr 16,80","kr 672,00 per kg",Max99 Müslibar,"Havrekjeks & Melkesjokolade, 25 g"
25,trening,maltidserstatter-og-mellommaltid,"kr 24,90","kr 498,00 per kg",YT Energibar,"Frukt Og Havre, 50 g"
26,trening,maltidserstatter-og-mellommaltid,"kr 32,60","kr 501,54 per kg",Yt Restitusjonsbar Med Peanøttsmak,65 g
0,trening,proteinsnacks-og-vitamingodis,"kr 28,10","kr 562,00 per kg",Yt Proteinbar Brownie,50 g
1,trening,proteinsnacks-og-vitamingodis,"kr 24,90","kr 498,00 per kg",YT Energibar,"Frukt Og Havre, 50 g"
2,trening,proteinsnacks-og-vitamingodis,"kr 28,10","kr 562,00 per kg",Yt Proteinbar Fudge,"Med Peanøtt & Sjokolade, 50 g"
3,trening,proteinsnacks-og-vitamingodis,"kr 32,80","kr 596,36 per kg",Maxim Hero Chocolate,"Proteinbar, 55 g"
4,trening,proteinsnacks-og-vitamingodis,"kr 31,80","kr 578,18 per kg",Maxim Freaky Caramel,"Proteinbar, 55 g"
5,trening,proteinsnacks-og-vitamingodis,"kr 31,80","kr 578,18 per kg",Maxim Hunky Peanut,"Proteinbar, 55 g"
6,trening,proteinsnacks-og-vitamingodis,"kr 31,80","kr 578,18 per kg",Wildly Lemon Ginger,"Proteinbar, 55 g"
7,trening,proteinsnacks-og-vitamingodis,"kr 36,00","kr 720,00 per kg",Protein Bar Marzipan Classic 50g,50 g
0,trening,kosttilskudd,"kr 404,10","kr 4928,05 per kg",Rapid Burn Kosttilskudd,120 stk
1,trening,kosttilskudd,"kr 92,40","kr 92,40 per kg",Eggehvite,1000 ml
2,trening,kosttilskudd,"kr 345,00","kr 1150,00 per kg",BCAA Cola Kosttilskudd,300 g
3,trening,kosttilskudd,"kr 345,00","kr 1150,00 per kg",BCAA Green Apple Kosttilskudd,300 g
4,trening,kosttilskudd,"kr 230,80","kr 1,92 per stk",Pure Caffeine Kosttilskudd,120 stk
5,trening,kosttilskudd,"kr 103,90","kr 103,90 per stk",Möller's Den Originale,"112 kapsler, 1 stk"
6,trening,kosttilskudd,"kr 146,90","kr 293,80 per l",Möller's Tran Sitron,500 ml
7,trening,kosttilskudd,"kr 113,00","kr 226,00 per l",Tran,"Naturell, 500 ml"
8,trening,kosttilskudd,"kr 84,90","kr 169,80 per l",Sana-sol,"Uten sukker, 500 ml"
9,trening,kosttilskudd,"kr 59,80","kr 0,63 per stk",C-max Appelsin,95 stk
10,trening,kosttilskudd,"kr 107,90","kr 0,77 per stk",Magnesium,140 stk
11,trening,kosttilskudd,"kr 113,40","kr 1,51 per stk",Jern Tyggetablett,"75 tabletter, 75 stk"
12,trening,kosttilskudd,"kr 107,90","kr 0,83 per stk",Kostpluss Multitotal,130 stk
13,trening,kosttilskudd,"kr 60,90","kr 0,81 per stk",B-vitamin,75 stk
14,trening,kosttilskudd,"kr 152,90","kr 611,60 per l",Floradix Formula Jern & Vitaminer,250 ml
15,trening,kosttilskudd,"kr 77,90","kr 0,78 per stk",Vitamineral,100 stk
16,trening,kosttilskudd,"kr 148,90","kr 4,96 per stk",Gerimax Extreme Energy,30 stk
17,trening,kosttilskudd,"kr 57,80","kr 2,89 per stk",C-boost Sitron C-vitamin,"1000 mg, 20 stk"
18,trening,kosttilskudd,"kr 54,80","kr 2,74 per stk",Stay Sharp Fersken & Aprikos,"Brusetabletter, 20 stk"
19,trening,kosttilskudd,"kr 59,60","kr 2,98 per stk",Skin Glow Eple & Mint,"Brusetabeltter, 20 stk"
20,trening,kosttilskudd,"kr 103,90","kr 5,20 per stk",E-Burn Brusetablett,20 stk
21,trening,kosttilskudd,"kr 103,90","kr 5,20 per stk",E-Kick Brusetablett,20 stk
22,trening,kosttilskudd,"kr 103,90","kr 5,20 per stk",Fres Grønn Te Brusetablett,20 stk
23,trening,kosttilskudd,"kr 103,90","kr 5,20 per stk",Fres Guarana Brusetablett,20 stk
0,trening,vektkontroll,"kr 105,70","kr 26,43 per stk",Smooth Caramel,4 stk
1,trening,vektkontroll,"kr 261,60","kr 523,20 per kg",Intensiv Sjokolade Shake,"0,5 kg"
2,trening,vektkontroll,"kr 100,40","kr 418,33 per kg",Premium Dark Chocolate,"4pk, 0,24 kg"
3,trening,vektkontroll,"kr 55,90","kr 508,18 per kg",Chunky Peanut,"2pk, 110 g"
4,trening,vektkontroll,"kr 33,40","kr 835,00 per kg",Toffee Fudge,40 g
0,torkepapir-og-vaskemidler,toalettpapir-og-torkerull,"kr 69,20","kr 0,27 per m",Toalettpapir Hvit Lambi,12 stk
1,torkepapir-og-vaskemidler,toalettpapir-og-torkerull,"kr 38,60","kr 0,30 per m",Toalettpapir,6 stk
2,torkepapir-og-vaskemidler,toalettpapir-og-torkerull,"kr 33,80","kr 0,20 per m",Maximeter Toalettpapir,4 stk
3,torkepapir-og-vaskemidler,toalettpapir-og-torkerull,"kr 83,90","kr 0,20 per m",Soft Toalettpapir,18 stk
4,torkepapir-og-vaskemidler,toalettpapir-og-torkerull,"kr 28,40","kr 0,21 per m",Soft Toalettpapir 3 Lag,6 stk
5,torkepapir-og-vaskemidler,toalettpapir-og-torkerull,"kr 31,40","kr 0,41 per m",Toalettpapir 4-lags,"Premium, 4 stk"
6,torkepapir-og-vaskemidler,toalettpapir-og-torkerull,"kr 14,20","kr 0,08 per m",Toalettpapir,8 stk
7,torkepapir-og-vaskemidler,toalettpapir-og-torkerull,"kr 43,80","kr 0,84 per m",Tørkerull Lambi,4 stk
8,torkepapir-og-vaskemidler,toalettpapir-og-torkerull,"kr 38,40","kr 0,61 per m",Miljøvalg Tørkerull,3 stk
9,torkepapir-og-vaskemidler,toalettpapir-og-torkerull,"kr 36,50","kr 0,78 per m",Kjøkkenrull,4 stk
10,torkepapir-og-vaskemidler,toalettpapir-og-torkerull,"kr 26,60","kr 0,27 per m",Lotus Tørkerull,1 stk
11,torkepapir-og-vaskemidler,toalettpapir-og-torkerull,"kr 44,50","kr 0,22 per m",Tørkerull,2 stk
12,torkepapir-og-vaskemidler,toalettpapir-og-torkerull,"kr 103,60","kr 103,60 per stk",Torky Flexible Dispenser,1 stk
0,torkepapir-og-vaskemidler,klesvask,"kr 42,80","kr 1,65 per vask",Neutral Color,975 g
1,torkepapir-og-vaskemidler,klesvask,"kr 39,70","kr 1,53 per vask",Neutral Hvitvask,975 g
2,torkepapir-og-vaskemidler,klesvask,"kr 188,30","kr 2,45 per vask",Neutral Storvask,"5,27 kg"
3,torkepapir-og-vaskemidler,klesvask,"kr 186,60","kr 1,78 per vask",OMO Color,"4,5 kg"
4,torkepapir-og-vaskemidler,klesvask,"kr 192,00","kr 1,92 per vask",OMO Ultra Hvitt,"4,5 kg"
5,torkepapir-og-vaskemidler,klesvask,"kr 57,90","kr 2,14 per vask",Omo Color,"1,17 kg"
6,torkepapir-og-vaskemidler,klesvask,"kr 56,00","kr 2,15 per vask",Omo Ultra Hvitt,"1,17 kg"
7,torkepapir-og-vaskemidler,klesvask,"kr 53,30","kr 2,22 per vask",Blenda Sensitive Farget,"1,04 kg"
8,torkepapir-og-vaskemidler,klesvask,"kr 54,00","kr 2,25 per vask",Blenda Sensitive Hvitt,"1,04 kg"
9,torkepapir-og-vaskemidler,klesvask,"kr 36,50","kr 1,18 per vask",Maskinvask Farget,"Sensitiv, 1,1 kg"
10,torkepapir-og-vaskemidler,klesvask,"kr 39,80","kr 0,77 per vask",Standardtøyvask,"Hvitt & Farget Tøy, 2 kg"
11,torkepapir-og-vaskemidler,klesvask,"kr 65,80","kr 3,13 per vask",Klar Tøyvask,750 ml
12,torkepapir-og-vaskemidler,klesvask,"kr 120,20","kr 2,50 per vask",Flytende Maskinvask Farget&Hvitt,1920 ml
13,torkepapir-og-vaskemidler,klesvask,"kr 63,40","kr 3,34 per vask",Flytende Maskinvask Farget&Hvitt,760 ml
14,torkepapir-og-vaskemidler,klesvask,"kr 51,40","kr 3,02 per vask",Omo Color,"Flytende, 595 ml"
15,torkepapir-og-vaskemidler,klesvask,"kr 58,10","kr 3,42 per vask",Omo Ultra Hvitt,"Flytende, 595 ml"
16,torkepapir-og-vaskemidler,klesvask,"kr 42,70","kr 3,05 per vask",Omo Color,"Flytende Refill, 490 ml"
17,torkepapir-og-vaskemidler,klesvask,"kr 44,90","kr 3,21 per vask",Omo Ultra Hvitt,"Flytende Refill, 490 ml"
18,torkepapir-og-vaskemidler,klesvask,"kr 64,60","kr 4,04 per vask",Omo Color Trippel Dose,16 vask
19,torkepapir-og-vaskemidler,klesvask,"kr 59,50","kr 3,72 per vask",Omo Ultra Trippel Dose,16 vask
20,torkepapir-og-vaskemidler,klesvask,"kr 60,40","kr 101,51 per l",Blenda Sensitive Tøyvaskemiddel,"Flytende, 595 ml"
21,torkepapir-og-vaskemidler,klesvask,"kr 38,50","kr 38,50 per l",Flytende Vask Color,1 l
22,torkepapir-og-vaskemidler,klesvask,"kr 40,50","kr 40,50 per l",Flytende Vask Hvitt,1 l
23,torkepapir-og-vaskemidler,klesvask,"kr 69,00","kr 115,97 per l",OMO Aktiv & Sport,595 ml
24,torkepapir-og-vaskemidler,klesvask,"kr 53,10","kr 88,50 per l",Klar Tøyvask,"Ull & Silke, 600 ml"
25,torkepapir-og-vaskemidler,klesvask,"kr 57,20","kr 96,13 per l",Milo Flytende,"Tøyvask, 595 ml"
26,torkepapir-og-vaskemidler,klesvask,"kr 62,80","kr 3,69 per vask",Milo Ull & Silke,"Parfymefri, 595 ml"
27,torkepapir-og-vaskemidler,klesvask,"kr 55,40","kr 113,06 per l",Milo Tøyvask Refill,490 ml
28,torkepapir-og-vaskemidler,klesvask,"kr 27,00","kr 27,00 per l",Tøyvask Ull & Silke,1 l
29,torkepapir-og-vaskemidler,klesvask,"kr 30,80","kr 41,07 per l",Tøymykner,750 ml
30,torkepapir-og-vaskemidler,klesvask,"kr 29,80","kr 39,73 per l",Comfort Sensitive Tøymykner,750 ml
31,torkepapir-og-vaskemidler,klesvask,"kr 34,30","kr 45,73 per l",Comfort Fresh Tech,750 ml
32,torkepapir-og-vaskemidler,klesvask,"kr 43,00","kr 57,33 per l",Comfort Sommerfrisk,750 ml
33,torkepapir-og-vaskemidler,klesvask,"kr 43,00","kr 57,33 per l",Comfort Kløver & Agurk,750 ml
34,torkepapir-og-vaskemidler,klesvask,"kr 44,70","kr 59,60 per l",Comfort Mandarin & Hylleblomst,750 ml
35,torkepapir-og-vaskemidler,klesvask,"kr 44,90","kr 59,87 per l",Blenda Tøymykner,"Sensitive, 750 ml"
36,torkepapir-og-vaskemidler,klesvask,"kr 39,80","kr 53,07 per l",Milo Tøymykner,750 ml
37,torkepapir-og-vaskemidler,klesvask,"kr 17,00","kr 17,00 per l",Tøymykner Sommereng,1 l
38,torkepapir-og-vaskemidler,klesvask,"kr 26,40","kr 35,20 per l",Tøymykner Frisk Duft,750 ml
39,torkepapir-og-vaskemidler,klesvask,"kr 26,20","kr 34,93 per l",Tøymykner Sensitive,750 ml
40,torkepapir-og-vaskemidler,klesvask,"kr 59,80","kr 119,60 per l",Neutral Flekkfjerning,500 ml
41,torkepapir-og-vaskemidler,klesvask,"kr 53,10","kr 151,71 per l",Powerlift Flekkfjerner,350 ml
42,torkepapir-og-vaskemidler,klesvask,"kr 43,90","kr 58,53 per l",Flekkfjerner Forbehandler,750 ml
43,torkepapir-og-vaskemidler,klesvask,"kr 76,40","kr 162,55 per kg",Vanish Gold Oxi Action,470 g
44,torkepapir-og-vaskemidler,klesvask,"kr 76,90","kr 163,62 per kg",Pulver Gold Hvit,470 g
45,torkepapir-og-vaskemidler,klesvask,"kr 38,40","kr 4,27 per vask",Biotex Håndvask,549 g
46,torkepapir-og-vaskemidler,klesvask,"kr 51,30","kr 128,25 per l",Stiff Stivelse Spray,400 ml
47,torkepapir-og-vaskemidler,klesvask,"kr 92,00","kr 766,67 per kg",Maskinrens,120 g
48,torkepapir-og-vaskemidler,klesvask,"kr 49,90","kr 24,95 per stk",Vaskemaskinrens,2 stk
0,torkepapir-og-vaskemidler,oppvask,"kr 88,90","kr 1,35 per vask",Sun Maxpower,66 vask
1,torkepapir-og-vaskemidler,oppvask,"kr 116,80","kr 1,67 per stk",Maskinoppvask Original Alt-i-Ett,70 stk
2,torkepapir-og-vaskemidler,oppvask,"kr 52,10","kr 3,26 per stk",Yes Maskinoppvask Platinum,"16 Tabletter, 16 stk"
3,torkepapir-og-vaskemidler,oppvask,"kr 47,50","kr 2,64 per tablett",Alt i 1 Active Power,18 tablett
4,torkepapir-og-vaskemidler,oppvask,"kr 45,80","kr 60,66 per kg",Extra power,"Refill, 755 g"
5,torkepapir-og-vaskemidler,oppvask,"kr 40,10","kr 2,51 per tablett",Maskinoppvask,"tabletter, 16 tablett"
6,torkepapir-og-vaskemidler,oppvask,"kr 26,80","kr 0,67 per stk",Maskinoppvasktabletter,40 stk
7,torkepapir-og-vaskemidler,oppvask,"kr 35,70","kr 35,70 per kg",Maskinoppvaskpulver,1 kg
8,torkepapir-og-vaskemidler,oppvask,"kr 29,60","kr 59,20 per l",Zalo Ultra Oppvask,500 ml
9,torkepapir-og-vaskemidler,oppvask,"kr 38,40","kr 76,80 per l",Zalo Ultra Epleblomst,500 ml
10,torkepapir-og-vaskemidler,oppvask,"kr 38,40","kr 76,80 per l",Zalo Frisk Sitron,500 ml
11,torkepapir-og-vaskemidler,oppvask,"kr 41,60","kr 83,20 per l",Zalo Oppvaskspray,500 ml
12,torkepapir-og-vaskemidler,oppvask,"kr 30,40","kr 60,80 per l",Sunlight,500 ml
13,torkepapir-og-vaskemidler,oppvask,"kr 47,80","kr 95,60 per l",Klar Oppvaskmiddel,500 ml
14,torkepapir-og-vaskemidler,oppvask,"kr 12,00","kr 24,00 per l",Oppvaskmiddel Sitron,"0,5 l"
15,torkepapir-og-vaskemidler,oppvask,"kr 40,80","kr 81,60 per l",Neutral Håndoppvask,"0,5 l"
16,torkepapir-og-vaskemidler,oppvask,"kr 23,80","kr 47,60 per l",Oppvaskmiddel Sensitive,"Konsentrert, 0,5 l"
17,torkepapir-og-vaskemidler,oppvask,"kr 53,80","kr 179,33 per l",Håndsåpe,"Kjøkken, 300 ml"
18,torkepapir-og-vaskemidler,oppvask,"kr 49,80","kr 24,90 per stk",Zalo Maskinrens,2 stk
19,torkepapir-og-vaskemidler,oppvask,"kr 49,90","kr 24,95 per stk",Oppvaskmaskinrens,2 stk
20,torkepapir-og-vaskemidler,oppvask,"kr 53,90","kr 154,00 per l",Sun 3i1 Glans og Tørkemiddel,"Maskinvask, 350 ml"
21,torkepapir-og-vaskemidler,oppvask,"kr 30,80","kr 30,80 per stk",Oppvaskbørste Trend,"Assortert Design, 1 stk"
22,torkepapir-og-vaskemidler,oppvask,"kr 45,80","kr 45,80 per stk",Design Oppvaskbørste,"Assortert Design, 1 stk"
23,torkepapir-og-vaskemidler,oppvask,"kr 49,40","kr 2,47 per tablett",Kannerens,20 tablett
24,torkepapir-og-vaskemidler,oppvask,"kr 49,90","kr 49,90 per stk",Rengjøringsmiddel keramisk topp,1 stk
25,torkepapir-og-vaskemidler,oppvask,"kr 25,90","kr 51,80 per l",Neutral Hand dish Wash Soap,500 ml
0,torkepapir-og-vaskemidler,vaskemidler,"kr 52,50","kr 105,00 per l",Klorin Rengjøringsspray,500 ml
1,torkepapir-og-vaskemidler,vaskemidler,"kr 24,60","kr 32,80 per l",Klorin,750 ml
2,torkepapir-og-vaskemidler,vaskemidler,"kr 52,40","kr 104,80 per l",Klar Baderomsspray,500 ml
3,torkepapir-og-vaskemidler,vaskemidler,"kr 43,90","kr 58,53 per l",Allrent,"Frisk duft, 0,75 l"
4,torkepapir-og-vaskemidler,vaskemidler,"kr 30,00","kr 0,63 per stk",Universalserviett Rengjøring,48 stk
5,torkepapir-og-vaskemidler,vaskemidler,"kr 45,10","kr 0,75 per stk",Easy Wipe,"Kjøkken, 60 stk"
6,torkepapir-og-vaskemidler,vaskemidler,"kr 47,40","kr 0,79 per stk",Easy Wipe,"Toalett og bad, 60 stk"
7,torkepapir-og-vaskemidler,vaskemidler,"kr 44,70","kr 0,75 per stk",Easy Wipe,"Glass og speil, 60 stk"
8,torkepapir-og-vaskemidler,vaskemidler,"kr 20,30","kr 40,60 per l",Universalspray,500 ml
9,torkepapir-og-vaskemidler,vaskemidler,"kr 23,80","kr 47,60 per l",Baderomsspray,500 ml
10,torkepapir-og-vaskemidler,vaskemidler,"kr 26,40","kr 52,80 per l",Kjøkkenspray,500 ml
11,torkepapir-og-vaskemidler,vaskemidler,"kr 29,90","kr 59,80 per l",Universal,500 ml
12,torkepapir-og-vaskemidler,vaskemidler,"kr 30,00","kr 120,00 per l",Jif Universal Konsentrat,"Refill, 250 ml"
13,torkepapir-og-vaskemidler,vaskemidler,"kr 41,40","kr 82,80 per l",Baderom,"Spray, 500 ml"
14,torkepapir-og-vaskemidler,vaskemidler,"kr 35,00","kr 70,00 per l",Jif Baderom,"Refill, 500 ml"
15,torkepapir-og-vaskemidler,vaskemidler,"kr 37,60","kr 75,20 per l",Kjøkkenspray,500 ml
16,torkepapir-og-vaskemidler,vaskemidler,"kr 58,40","kr 116,80 per l",Ovn & Grill,"Spray, 500 ml"
17,torkepapir-og-vaskemidler,vaskemidler,"kr 32,90","kr 55,29 per l",Allrent Frisk Duft,595 ml
18,torkepapir-og-vaskemidler,vaskemidler,"kr 62,90","kr 6,29 per stk",Engangsvåtmopp,"Baderom, 10 stk"
19,torkepapir-og-vaskemidler,vaskemidler,"kr 94,90","kr 9,49 per stk",Engangsvåtmopp,"Allrent, 10 stk"
20,torkepapir-og-vaskemidler,vaskemidler,"kr 89,80","kr 8,98 per stk",Engangsvåtmopp,"Krystal, 10 stk"
21,torkepapir-og-vaskemidler,vaskemidler,"kr 32,90","kr 55,29 per l",Allrent Sitron,595 ml
22,torkepapir-og-vaskemidler,vaskemidler,"kr 23,80","kr 31,73 per l",Krystal Grønnsåpe,"Original, 750 ml"
23,torkepapir-og-vaskemidler,vaskemidler,"kr 24,90","kr 33,20 per l",Krystal Furunål,750 ml
24,torkepapir-og-vaskemidler,vaskemidler,"kr 15,80","kr 10,53 per l",Grønnsåpe,"1,5 l"
25,torkepapir-og-vaskemidler,vaskemidler,"kr 24,80","kr 24,80 per l",Universalrengjøring Sitron,1 l
26,torkepapir-og-vaskemidler,vaskemidler,"kr 26,40","kr 35,20 per l",Salmi rengjøring,750 ml
27,torkepapir-og-vaskemidler,vaskemidler,"kr 36,00","kr 48,00 per l",Jif WC Power Gel,"Uten klor, 750 ml"
28,torkepapir-og-vaskemidler,vaskemidler,"kr 22,90","kr 15,27 per l",Salmiakk,"1,5 l"
29,torkepapir-og-vaskemidler,vaskemidler,"kr 12,80","kr 8,53 per l",Prima Klor,"1,5 l"
30,torkepapir-og-vaskemidler,vaskemidler,"kr 66,40","kr 111,60 per l",Avløpsåpner,"Flytende, 595 ml"
31,torkepapir-og-vaskemidler,vaskemidler,"kr 85,90","kr 156,18 per kg",Heavy Gel,"Avløpsåpner, 550 g"
32,torkepapir-og-vaskemidler,vaskemidler,"kr 62,80","kr 104,67 per kg",Plumbo,"Pulver, 600 g"
33,torkepapir-og-vaskemidler,vaskemidler,"kr 16,00","kr 32,00 per l",Skurekrem Med Sitron,500 ml
34,torkepapir-og-vaskemidler,vaskemidler,"kr 28,00","kr 56,00 per l",Skurekrem,"Sitron, 500 ml"
35,torkepapir-og-vaskemidler,vaskemidler,"kr 36,90","kr 73,80 per l",Skurekrem,500 ml
36,torkepapir-og-vaskemidler,vaskemidler,"kr 91,80","kr 6,12 per stk",Tørrmopp Støvmagnet,"Refill, 15 stk"
37,torkepapir-og-vaskemidler,vaskemidler,"kr 32,40","kr 43,20 per l",Domestos WC Gel med Klor,750 ml
38,torkepapir-og-vaskemidler,vaskemidler,"kr 34,40","kr 45,87 per l",Domestos Total Blast Citrus,750 ml
39,torkepapir-og-vaskemidler,vaskemidler,"kr 43,50","kr 58,00 per l",Klorin Wc-Gel Med Klor,750 ml
40,torkepapir-og-vaskemidler,vaskemidler,"kr 25,40","kr 33,87 per l",Wc-Gel,750 ml
41,torkepapir-og-vaskemidler,vaskemidler,"kr 11,80","kr 295,00 per kg",Wc Blått,"1 stk, 40 g"
42,torkepapir-og-vaskemidler,vaskemidler,"kr 23,60","kr 7,87 per stk",Wc-blokk,3 stk
43,torkepapir-og-vaskemidler,vaskemidler,"kr 30,80","kr 30,80 per stk",Cool Mist Toalettblokk,1 stk
44,torkepapir-og-vaskemidler,vaskemidler,"kr 41,80","kr 41,80 per stk",Fresh Discs Breeze,"starterpack, 1 stk"
45,torkepapir-og-vaskemidler,vaskemidler,"kr 41,80","kr 41,80 per stk",Fresh Discs Lavendel,"starterpack 1 holder 1 refill, 1 stk"
46,torkepapir-og-vaskemidler,vaskemidler,"kr 24,00","kr 24,00 per stk",Fresh Rose Toalettblokk,1 stk
47,torkepapir-og-vaskemidler,vaskemidler,"kr 40,90","kr 818,00 per kg",Klorin Wc-Blokk med klor,50 g
48,torkepapir-og-vaskemidler,vaskemidler,"kr 30,00","kr 30,00 per stk",3 in 1 Block Citrus Fresh,1 stk
49,torkepapir-og-vaskemidler,vaskemidler,"kr 30,00","kr 30,00 per stk",3 in1 Block Ocean Fresh,1 stk
50,torkepapir-og-vaskemidler,vaskemidler,"kr 21,40","kr 142,67 per kg",Lavendel Duftblokk,150 g
51,torkepapir-og-vaskemidler,vaskemidler,"kr 45,00","kr 150,00 per l",Glade Clean Linen Luftfrisk,300 ml
52,torkepapir-og-vaskemidler,vaskemidler,"kr 45,20","kr 45,20 per stk",One Touch Lemon,1 stk
53,torkepapir-og-vaskemidler,vaskemidler,"kr 48,80","kr 244,00 per l",Keramikkrent Rens,200 ml
54,torkepapir-og-vaskemidler,vaskemidler,"kr 40,00","kr 400,00 per kg",Nylonvask Vaskemiddel,"Universalvaskekrem, 100 g"
55,torkepapir-og-vaskemidler,vaskemidler,"kr 97,90","kr 489,50 per l",Jo-Ni Møbelpuss,200 ml
56,torkepapir-og-vaskemidler,vaskemidler,"kr 49,40","kr 2,47 per tablett",Kannerens,20 tablett
57,torkepapir-og-vaskemidler,vaskemidler,"kr 40,50","kr 40,50 per stk",Feiesett,"Assorterte farger, 1 stk"
58,torkepapir-og-vaskemidler,vaskemidler,"kr 26,00","kr 26,00 per stk",Touch & Fresh,"Fresh Lemon Refill, 1 stk"
0,torkepapir-og-vaskemidler,kluter-svamper-og-hansker,"kr 30,00","kr 0,63 per stk",Universalserviett Rengjøring,48 stk
1,torkepapir-og-vaskemidler,kluter-svamper-og-hansker,"kr 47,40","kr 0,79 per stk",Easy Wipe,"Toalett og bad, 60 stk"
2,torkepapir-og-vaskemidler,kluter-svamper-og-hansker,"kr 45,10","kr 0,75 per stk",Easy Wipe,"Kjøkken, 60 stk"
3,torkepapir-og-vaskemidler,kluter-svamper-og-hansker,"kr 89,80","kr 8,98 per stk",Engangsvåtmopp,"Krystal, 10 stk"
4,torkepapir-og-vaskemidler,kluter-svamper-og-hansker,"kr 94,90","kr 9,49 per stk",Engangsvåtmopp,"Allrent, 10 stk"
5,torkepapir-og-vaskemidler,kluter-svamper-og-hansker,"kr 62,90","kr 6,29 per stk",Engangsvåtmopp,"Baderom, 10 stk"
6,torkepapir-og-vaskemidler,kluter-svamper-og-hansker,"kr 17,30","kr 1,73 per stk",Universalklut,10 stk
7,torkepapir-og-vaskemidler,kluter-svamper-og-hansker,"kr 14,30","kr 1,43 per stk",Multisvamper,10 stk
8,torkepapir-og-vaskemidler,kluter-svamper-og-hansker,"kr 25,40","kr 12,70 per stk",Svamper,2 stk
9,torkepapir-og-vaskemidler,kluter-svamper-og-hansker,"kr 45,20","kr 22,60 per stk",Superklut,"Tilfeldig mønster, 2 stk"
10,torkepapir-og-vaskemidler,kluter-svamper-og-hansker,"kr 22,80","kr 11,40 per stk",Strikkeklut Bomull 2stk,2 stk
11,torkepapir-og-vaskemidler,kluter-svamper-og-hansker,"kr 28,40","kr 28,40 per stk",Mikrofiber Glassklut,1 stk
12,torkepapir-og-vaskemidler,kluter-svamper-og-hansker,"kr 13,90","kr 13,90 per stk",Mikrofiberklut Universal,1 stk
13,torkepapir-og-vaskemidler,kluter-svamper-og-hansker,"kr 28,40","kr 28,40 per stk",Mikrofiber Tørkehåndkle,1 stk
14,torkepapir-og-vaskemidler,kluter-svamper-og-hansker,"kr 18,30","kr 18,30 per stk",Kjøkkenklut Microfiber,"Assortert variant, 1 stk"
15,torkepapir-og-vaskemidler,kluter-svamper-og-hansker,"kr 43,50","kr 43,50 per stk",Mikrofiberklut Baderom,1 stk
16,torkepapir-og-vaskemidler,kluter-svamper-og-hansker,"kr 53,60","kr 53,60 per stk",Mikrofibergulvklut,1 stk
17,torkepapir-og-vaskemidler,kluter-svamper-og-hansker,"kr 33,10","kr 11,03 per stk",Prima Gulvklut,3 stk
18,torkepapir-og-vaskemidler,kluter-svamper-og-hansker,"kr 18,00","kr 3,60 per stk",Mikrofiber Chiffoklut,5 stk
19,torkepapir-og-vaskemidler,kluter-svamper-og-hansker,"kr 21,20","kr 2,12 per stk",Stålullpads,10 stk
20,torkepapir-og-vaskemidler,kluter-svamper-og-hansker,"kr 17,20","kr 8,60 per stk",Gummihansker,"Medium, 2 par, 2 stk"
21,torkepapir-og-vaskemidler,kluter-svamper-og-hansker,"kr 18,00","kr 9,00 per stk",Gummihansker,"Large, 2 par, 2 stk"
22,torkepapir-og-vaskemidler,kluter-svamper-og-hansker,"kr 20,10","kr 20,10 per stk",Plastbøtte,"Tilfeldig Farge, 10 liter, 1 stk"
23,torkepapir-og-vaskemidler,kluter-svamper-og-hansker,"kr 34,20","kr 34,20 per stk",Vindusnal,"33 cm, 1 stk"
24,torkepapir-og-vaskemidler,kluter-svamper-og-hansker,"kr 91,80","kr 6,12 per stk",Tørrmopp Støvmagnet,"Refill, 15 stk"
25,torkepapir-og-vaskemidler,kluter-svamper-og-hansker,"kr 99,90","kr 99,90 per stk",Avisningsklut fryser,1 stk
26,torkepapir-og-vaskemidler,kluter-svamper-og-hansker,"kr 59,90","kr 14,98 per stk",Kjøkkenhåndkle Grå/hvit,4 stk
0,magasiner-og-boker,magasiner,"kr 55,00","kr 55,00 per stk",Se og Hør,1 stk
1,magasiner-og-boker,magasiner,"kr 54,00","kr 54,00 per stk",Hjemmet,1 stk
2,magasiner-og-boker,magasiner,"kr 46,00","kr 46,00 per stk",Her og Nå,1 stk
3,magasiner-og-boker,magasiner,"kr 89,00","kr 89,00 per stk",Kamille,1 stk
4,magasiner-og-boker,magasiner,"kr 59,00","kr 59,00 per stk",Norsk Ukeblad,1 stk
5,magasiner-og-boker,magasiner,"kr 55,00","kr 55,00 per stk",Allers,1 stk
6,magasiner-og-boker,magasiner,"kr 89,00","kr 89,00 per stk",Elle,1 stk
7,magasiner-og-boker,magasiner,"kr 99,95","kr 99,95 per stk",Costume,1 stk
8,magasiner-og-boker,magasiner,"kr 79,90","kr 79,90 per stk",Vi Menn,1 stk
0,undertoy-og-stromper,strompebukser,"kr 110,30","kr 110,30 per stk",Comfy Tights 80 DEN,"Black, str. 36-40, 1 stk"
1,undertoy-og-stromper,strompebukser,"kr 110,30","kr 110,30 per stk",Comfy Tights 80 DEN,"Black, str. 40-44, 1 stk"
2,undertoy-og-stromper,strompebukser,"kr 110,30","kr 110,30 per stk",Comfy Tights 80 DEN,"Black, str. 44-48, 1 stk"
3,undertoy-og-stromper,strompebukser,"kr 98,90","kr 49,45 per stk",Basic Tights 40 DEN,"Black, str. 36-40, 2 stk"
4,undertoy-og-stromper,strompebukser,"kr 98,90","kr 49,45 per stk",Basic Tights 40 DEN,"Black, str. 40-44, 2 stk"
5,undertoy-og-stromper,strompebukser,"kr 98,90","kr 49,45 per stk",Basic Tights 40 DEN,"Black, str. 44-48, 2 stk"
6,undertoy-og-stromper,strompebukser,"kr 98,90","kr 98,90 per stk",Hold In 20 DEN,"Black, Str. 36-40, 1 stk"
7,undertoy-og-stromper,strompebukser,"kr 98,90","kr 98,90 per stk",Hold In 20 DEN,"Black, Str. 40-44, 1 stk"
8,undertoy-og-stromper,strompebukser,"kr 98,90","kr 98,90 per stk",Hold In 20 DEN,"Black, Str. 44-48, 1 stk"
9,undertoy-og-stromper,strompebukser,"kr 98,90","kr 98,90 per stk",Hold In 20 DEN,"Powder, str. 36-40, 1 stk"
10,undertoy-og-stromper,strompebukser,"kr 98,90","kr 98,90 per stk",Hold In 20 DEN,"Powder, str. 40-44, 1 stk"
11,undertoy-og-stromper,strompebukser,"kr 98,90","kr 98,90 per stk",Hold In 20 DEN,"Powder, str. 44-48, 1 stk"
0,undertoy-og-stromper,sokker,"kr 101,90","kr 50,95 per par",Comfy Cotton Sokker,"Str. 37-40, 2 par"
1,undertoy-og-stromper,sokker,"kr 106,90","kr 53,45 per par",Comfy Cotton Sokker,"Str. 41-45, 2 par"
2,undertoy-og-stromper,sokker,"kr 72,90","kr 14,58 per par",Basic Socks,"Black, Str. 37-40, 5 par"
3,undertoy-og-stromper,sokker,"kr 78,40","kr 15,68 per par",Basic Socks,"Black, Str. 41-45, 5 par"
4,undertoy-og-stromper,sokker,"kr 101,90","kr 101,90 per stk",Merino Ullsokker,"Str. 37-40, 1 stk"
5,undertoy-og-stromper,sokker,"kr 110,30","kr 55,15 per par",Wool Low Cut Sokker,"Black, str. 41-45, 2 par"
6,undertoy-og-stromper,sokker,"kr 110,30","kr 55,15 per par",Wool Low Cut Sokker,"White, str. 41-45, 2 par"
7,undertoy-og-stromper,sokker,"kr 88,10","kr 88,10 per par",Thin Wool Sokker Barn,"Lilac stripes, str. 29-32, 1 par"
8,undertoy-og-stromper,sokker,"kr 88,10","kr 88,10 per par",Thin Wool Sokker Barn,"Lilac strips, str. 33-36, 1 par"
9,undertoy-og-stromper,sokker,"kr 88,10","kr 88,10 per par",Thin Wool Sokker Barn,"Navy, str. 33-36, 1 par"
0,undertoy-og-stromper,undertoy,"kr 88,90","kr 44,45 per stk",Cotton Boxer Kids Boy,"Stripe, str. 98-104, 2 stk"
1,undertoy-og-stromper,undertoy,"kr 88,10","kr 44,05 per stk",Cotton Boxer Kids Boy,"Stripe, str. 110-116, 2 stk"
2,undertoy-og-stromper,undertoy,"kr 88,90","kr 44,45 per stk",Cotton Boxer Kids Boy,"Stripe, str. 122-128, 2 stk"
3,undertoy-og-stromper,undertoy,"kr 88,10","kr 44,05 per stk",Cotton Boxer Kids Girl,"Stripe, str. 98-104, 2 stk"
4,undertoy-og-stromper,undertoy,"kr 88,10","kr 44,05 per stk",Cotton Boxer Kids Girl,"Stripe, str. 110-116, 2 stk"
5,undertoy-og-stromper,undertoy,"kr 88,10","kr 44,05 per stk",Cotton Boxer Kids Girl,"Stripe, str. 122-128, 2 stk"
6,undertoy-og-stromper,undertoy,"kr 158,90","kr 158,90 per stk",Gots Boxer Men,"Black, str. M, 1 stk"
7,undertoy-og-stromper,undertoy,"kr 158,90","kr 158,90 per stk",Gots Boxer Men,"Black, str. L, 1 stk"
8,undertoy-og-stromper,undertoy,"kr 158,90","kr 158,90 per stk",Gots Boxer Men,"Black, str. XL, 1 stk"
9,undertoy-og-stromper,undertoy,"kr 210,60","kr 210,60 per stk",Sports Boxer Men,"Black, str. M, 1 stk"
10,undertoy-og-stromper,undertoy,"kr 210,60","kr 210,60 per stk",Sports Boxer Men,"Black, str. L, 1 stk"
11,undertoy-og-stromper,undertoy,"kr 210,60","kr 210,60 per stk",Sports Boxer Men,"Black, str. XL, 1 stk"
12,undertoy-og-stromper,undertoy,"kr 101,20","kr 101,20 per stk",Cotton Boxer,"White, str. S, 1 stk"
13,undertoy-og-stromper,undertoy,"kr 118,90","kr 118,90 per stk",Cotton Boxer,"Black, str. XL, 1 stk"
14,undertoy-og-stromper,undertoy,"kr 120,90","kr 120,90 per stk",Invisible Micro Hipster Truse,"Black, str. S, 1 stk"
15,undertoy-og-stromper,undertoy,"kr 120,90","kr 120,90 per stk",Invisible Micro Hipster Truse,"Black, str. M, 1 stk"
16,undertoy-og-stromper,undertoy,"kr 120,90","kr 120,90 per stk",Invisible Micro Hipster Truse,"Black, str. L, 1 stk"
17,undertoy-og-stromper,undertoy,"kr 143,70","kr 143,70 per stk",Micro High Waist Invisible Truse,"Black, str. S, 1 stk"
18,undertoy-og-stromper,undertoy,"kr 143,70","kr 143,70 per stk",Micro High Waist Invisible Truse,"Black, str. M, 1 stk"
19,undertoy-og-stromper,undertoy,"kr 143,70","kr 143,70 per stk",Micro High Waist Invisible Truse,"Black, str. L, 1 stk"
20,undertoy-og-stromper,undertoy,"kr 333,20","kr 333,20 per stk",Sports Bra,"Burgundy, str. S, 1 stk"
0,hus-og-hjem,poser-og-folie,"kr 28,40","kr 1,42 per m",Aluminiumsfolie,"29cm, 20 m"
1,hus-og-hjem,poser-og-folie,"kr 22,80","kr 2,28 per m",Grillfolie,"44cm, 10 m"
2,hus-og-hjem,poser-og-folie,"kr 35,80","kr 3,58 per m",Glad Aluminiumsfolie,"44 cm, 10 m"
3,hus-og-hjem,poser-og-folie,"kr 17,40","kr 0,97 per stk",Bakepapir Ark,18 stk
4,hus-og-hjem,poser-og-folie,"kr 34,40","kr 1,72 per m",Bakepapir Rull,20 m
5,hus-og-hjem,poser-og-folie,"kr 12,90","kr 2,58 per stk",Sekk til Panteflasker,5 stk
6,hus-og-hjem,poser-og-folie,"kr 18,90","kr 0,19 per stk",Brødpose,"6l, 100 stk"
7,hus-og-hjem,poser-og-folie,"kr 21,70","kr 1,09 per stk",Lynlåspose,"3 l, 20 stk"
8,hus-og-hjem,poser-og-folie,"kr 36,80","kr 0,61 per m",Plastfolie,60 m
9,hus-og-hjem,poser-og-folie,"kr 32,80","kr 0,66 per m",Glad Plastfolie,50 m
10,hus-og-hjem,poser-og-folie,"kr 59,90","kr 0,40 per m",Plastfolie storpack,150 m
11,hus-og-hjem,poser-og-folie,"kr 25,10","kr 0,50 per m",Matpapir,50 m
12,hus-og-hjem,poser-og-folie,"kr 17,30","kr 17,30 per stk",Mellomleggspapir,"12 x 8,5 cm, 1 stk"
13,hus-og-hjem,poser-og-folie,"kr 14,20","kr 7,10 per stk",Stekeposer Ekstra Store,2 stk
14,hus-og-hjem,poser-og-folie,"kr 17,10","kr 3,42 per stk",Stekepose Medium,5 stk
15,hus-og-hjem,poser-og-folie,"kr 59,90","kr 59,90 per stk",Stekefolie Nonstick,1 stk
16,hus-og-hjem,poser-og-folie,"kr 13,70","kr 0,27 per stk",Fryseposer,"2l, 50 stk"
17,hus-og-hjem,poser-og-folie,"kr 16,30","kr 0,54 per stk",Frysepose,"6l, 30 stk"
18,hus-og-hjem,poser-og-folie,"kr 15,50","kr 0,39 per stk",Frysepose,"4l, 40 stk"
19,hus-og-hjem,poser-og-folie,"kr 26,30","kr 1,32 per stk",Isbitposer,20 stk
20,hus-og-hjem,poser-og-folie,"kr 21,30","kr 0,47 per stk",Bleieposer,45 stk
21,hus-og-hjem,poser-og-folie,"kr 15,30","kr 0,38 per stk",Hundeposer,40 stk
22,hus-og-hjem,poser-og-folie,"kr 29,90","kr 1,00 per stk",Avfallspose med Snøring,"Klar, 20l, 30 stk"
23,hus-og-hjem,poser-og-folie,"kr 29,90","kr 1,99 per stk",Avfallspose med Snøring,"Klar, 40l, 15 stk"
24,hus-og-hjem,poser-og-folie,"kr 37,50","kr 6,25 per stk",Avfallssekk med Snørelukking Ekstra Kraftig,"125l, 6 stk"
25,hus-og-hjem,poser-og-folie,"kr 28,10","kr 0,56 per stk",Tynne Avfallsposer 30l,50 stk
26,hus-og-hjem,poser-og-folie,"kr 0,00","kr 0,00 per stk",Kildesorteringsposer til matavfall,"Rull med 40 poser, 1 stk"
27,hus-og-hjem,poser-og-folie,"kr 0,00","kr 0,00 per stk",Kildesorteringsposer til plastemballasje,"Rull med 20 poser, 1 stk"
28,hus-og-hjem,poser-og-folie,"kr 29,90","kr 1,50 per stk",Biobag Komposterbare Poser,"10l, 20 stk"
29,hus-og-hjem,poser-og-folie,"kr 24,90","kr 1,25 per stk",Avfallsposer med Knytehåndtak,"30L, 20 stk"
30,hus-og-hjem,poser-og-folie,"kr 59,90","kr 5,99 per stk",Avfallsekker 160L,"Ekstra Sterk, 10 stk"
31,hus-og-hjem,poser-og-folie,"kr 28,50","kr 2,85 per stk",Avfallssekk 100L,"Sort, 10 stk"
32,hus-og-hjem,poser-og-folie,"kr 30,70","kr 3,07 per stk",Avfallssekk 100L,"Klar, 10 stk"
33,hus-og-hjem,poser-og-folie,"kr 169,90","kr 169,90 per stk",Vakumposer 2-pack,1 stk
34,hus-og-hjem,poser-og-folie,"kr 49,90","kr 0,62 per stk",Hundeposer Asaklitt,"Bio, 80 stk"
0,hus-og-hjem,levende-lys,"kr 48,30","kr 1,61 per stk",Telys 8 Timer,30 stk
1,hus-og-hjem,levende-lys,"kr 47,40","kr 3,95 per stk",Telys Maxi,"10 Timer, 12 stk"
2,hus-og-hjem,levende-lys,"kr 34,70","kr 8,68 per stk",Telys Maxi Champagne,4 stk
3,hus-og-hjem,levende-lys,"kr 49,90","kr 1,00 per stk",Telys 100% stearin,50 stk
4,hus-og-hjem,levende-lys,"kr 56,80","kr 0,57 per stk",Prima Telys,"4 timer, 100 stk"
5,hus-og-hjem,levende-lys,"kr 51,60","kr 5,16 per stk",Kronelys Hvit,"24 cm, 10 stk"
6,hus-og-hjem,levende-lys,"kr 45,30","kr 4,53 per stk",Kronelys Champagne,"24 cm, 10 stk"
7,hus-og-hjem,levende-lys,"kr 32,60","kr 32,60 per stk",Kubbelys Hvit,"7x15 cm, 1 stk"
8,hus-og-hjem,levende-lys,"kr 41,10","kr 41,10 per stk",Kubbelys Champagne,"7x15 cm, 1 stk"
9,hus-og-hjem,levende-lys,"kr 41,10","kr 41,10 per stk",Kubbelys Lilla 4,"7x15 cm, 1 stk"
10,hus-og-hjem,levende-lys,"kr 41,10","kr 41,10 per stk",Kubbelys Lys Blå,"7x15 cm, 1 stk"
11,hus-og-hjem,levende-lys,"kr 41,10","kr 41,10 per stk",Kubbelys Dusty Coral,"7x15 cm, 1 stk"
12,hus-og-hjem,levende-lys,"kr 29,60","kr 14,80 per stk",Oljelys,"55 timer, 2 stk"
13,hus-og-hjem,levende-lys,"kr 35,00","kr 35,00 per stk",Kubbelys Gull Matt,"15x7cm, 1 stk"
14,hus-og-hjem,levende-lys,"kr 35,00","kr 35,00 per stk",Kubbelys Sølv Matt,"15x7cm, 1 stk"
15,hus-og-hjem,levende-lys,"kr 159,90","kr 79,95 per stk",Kronelys Led,"25cm, 2-pk, 2 stk"
16,hus-og-hjem,levende-lys,"kr 24,90","kr 12,45 per stk",Fakler,2 stk
0,hus-og-hjem,lyspaerer,"kr 69,90","kr 34,95 per stk",LED-pære E14,"2w, Illum, 136lm, 2 stk"
1,hus-og-hjem,lyspaerer,"kr 69,90","kr 34,95 per stk",LED-pære E27,"6w, 2 stk"
2,hus-og-hjem,lyspaerer,"kr 39,90","kr 39,90 per stk",Illumpære led E14 2W 136lm,1 stk
3,hus-og-hjem,lyspaerer,"kr 99,90","kr 99,90 per stk","Led Osram Gu10 Dimbar 4,1w 230 Lm",1 stk
4,hus-og-hjem,lyspaerer,"kr 79,90","kr 39,95 per stk",LED-pære GU10,"4w, 230lm, 2 stk"
5,hus-og-hjem,lyspaerer,"kr 85,70","kr 85,70 per stk",Lyspære Led,"20w, Gu4 Spotpære Varmhvit, 1 stk"
6,hus-og-hjem,lyspaerer,"kr 244,00","kr 244,00 per stk",Hue White GU10,"5.5w, Varmhvit Lys, Smart Spotpære, 1 stk"
7,hus-og-hjem,lyspaerer,"kr 108,00","kr 108,00 per stk",Lyspære Led Reflektor,"R63, 60w, E27 Varmhvit 36d Dim, 1 stk"
8,hus-og-hjem,lyspaerer,"kr 96,30","kr 96,30 per stk",Lyspære Led Reflektor,"R50, 60w, E14 Varmhvit 36d Dim, 1 stk"
9,hus-og-hjem,lyspaerer,"kr 55,40","kr 55,40 per stk",Lyspære Led,"35w, Gu10, 230v, 1 stk"
10,hus-og-hjem,lyspaerer,"kr 62,40","kr 62,40 per stk",Halogen,"Eco Linear 240w R7s Dimbar, 1 stk"
11,hus-og-hjem,lyspaerer,"kr 47,20","kr 47,20 per stk",Lysrør Master,"15w, Lengde 44cm, 1 stk"
12,hus-og-hjem,lyspaerer,"kr 399,90","kr 399,90 per stk",Digital  LED Strip Light,"Til innendørs bruk, 3meter, 1 stk"
13,hus-og-hjem,lyspaerer,"kr 299,90","kr 299,90 per stk",Juletrebelysning Trådløs med Fjernkontroll,"16 lys, 1 stk"
0,hus-og-hjem,engangs-og-servietter,"kr 48,70","kr 0,49 per stk",Servietter Hvite,"40 cm, 100 stk"
1,hus-og-hjem,engangs-og-servietter,"kr 30,70","kr 0,61 per stk",Servietter Hvit,"33 cm, 50 stk"
2,hus-og-hjem,engangs-og-servietter,"kr 32,60","kr 0,43 per stk",Servietter Bordpakning,"Hvit & Grå, 75 stk"
3,hus-og-hjem,engangs-og-servietter,"kr 34,50","kr 0,69 per stk",Servietter Champagne,50 stk
4,hus-og-hjem,engangs-og-servietter,"kr 23,70","kr 2,96 per stk",Papptallerken Bursdag Assortert,"22 cm, 8 stk"
5,hus-og-hjem,engangs-og-servietter,"kr 23,70","kr 2,96 per stk",Papptallerken,"22 cm, 8 stk"
6,hus-og-hjem,engangs-og-servietter,"kr 42,10","kr 2,11 per stk",Papptallerken Firkantet,"23cm, 20 stk"
7,hus-og-hjem,engangs-og-servietter,"kr 33,70","kr 0,67 per stk",Papptallerken,"22 cm, 50 stk"
8,hus-og-hjem,engangs-og-servietter,"kr 29,10","kr 1,16 per stk",Papptallerken,"18 cm, 25 stk"
9,hus-og-hjem,engangs-og-servietter,"kr 29,90","kr 1,20 per stk",Papptallerken Dyp,"19 cm, 25 stk"
10,hus-og-hjem,engangs-og-servietter,"kr 30,10","kr 1,00 per stk",Shotglass,"4 cl, 30 stk"
11,hus-og-hjem,engangs-og-servietter,"kr 31,60","kr 5,27 per stk",Vinglass i Plast,"180 ml, 6 stk"
12,hus-og-hjem,engangs-og-servietter,"kr 31,10","kr 5,18 per stk",Champagneglass i Plast,6 stk
13,hus-og-hjem,engangs-og-servietter,"kr 43,40","kr 1,74 per stk",Ølglass Plast,"0,5l, 25 stk"
14,hus-og-hjem,engangs-og-servietter,"kr 29,10","kr 1,46 per stk",Drikkeglass Plast,"330 ml, 20 stk"
15,hus-og-hjem,engangs-og-servietter,"kr 46,10","kr 1,84 per stk",Kaffebeger,"350ml, 25 stk"
16,hus-og-hjem,engangs-og-servietter,"kr 29,90","kr 0,60 per stk",Kaffebeger Med Hank,50 stk
17,hus-og-hjem,engangs-og-servietter,"kr 31,20","kr 0,39 per stk",Drikkebeger,"200 ml, 80 stk"
18,hus-og-hjem,engangs-og-servietter,"kr 17,90","kr 2,24 per stk",Pappkopp,"250 ml, 8 stk"
19,hus-og-hjem,engangs-og-servietter,"kr 17,90","kr 2,24 per stk",Pappkopp Ballonger,"250 ml, 8 stk"
20,hus-og-hjem,engangs-og-servietter,"kr 13,70","kr 0,14 per stk",Grillpinner i Bambus,100 stk
21,hus-og-hjem,engangs-og-servietter,"kr 27,00","kr 0,54 per stk",Skjeer i Plast,50 stk
22,hus-og-hjem,engangs-og-servietter,"kr 30,90","kr 3,86 per stk",Spisepinner,"8 par, 8 stk"
23,hus-og-hjem,engangs-og-servietter,"kr 35,80","kr 1,79 per stk",Bjørkepinner til Pinnekjøtt,20 stk
24,hus-og-hjem,engangs-og-servietter,"kr 37,20","kr 0,74 per stk",Muffinsformer Design,50 stk
25,hus-og-hjem,engangs-og-servietter,"kr 19,80","kr 0,99 per stk",Servietter Snow Necklace White,"3 lag, 33x33cm, 20 stk"
26,hus-og-hjem,engangs-og-servietter,"kr 19,80","kr 0,99 per stk",Servietter Star Stories Cream,"3 lag, 33x33cm, 20 stk"
27,hus-og-hjem,engangs-og-servietter,"kr 19,80","kr 0,99 per stk",Servietter Star Stories Red,"3 lag, 33x33cm, 20 stk"
28,hus-og-hjem,engangs-og-servietter,"kr 39,90","kr 39,90 per stk",Duk Snow Necklace,"Papir, 0,4x4,8 meter, 1 stk"
29,hus-og-hjem,engangs-og-servietter,"kr 19,80","kr 0,99 per stk",Servietter Postcard Trees,"3 lag, 33x33cm, 20 stk"
30,hus-og-hjem,engangs-og-servietter,"kr 27,90","kr 1,40 per stk",Servietter Carl Larssons Brita,"3 lag, 33x33cm, 20 stk"
31,hus-og-hjem,engangs-og-servietter,"kr 19,80","kr 0,99 per stk",Servietter Winter Village,"3 lag, 33x33cm, 20 stk"
32,hus-og-hjem,engangs-og-servietter,"kr 19,90","kr 1,00 per stk",Gafler Engangs I Tre,"20 stk, 20 stk"
33,hus-og-hjem,engangs-og-servietter,"kr 49,90","kr 4,16 per stk",Servietter Christmas Deco,"Duni-soft, 40x40cm, 12 stk"
34,hus-og-hjem,engangs-og-servietter,"kr 27,90","kr 1,40 per stk",Servietter Ruusunen,"3 lag, 24x24cm, 20 stk"
35,hus-og-hjem,engangs-og-servietter,"kr 19,90","kr 19,90 per stk",Kniver Engangs i Tre,"20 stk, 1 stk"
36,hus-og-hjem,engangs-og-servietter,"kr 27,90","kr 1,40 per stk",Servietter Ruusunen,"3 lag, 33x33cm, 20 stk"
37,hus-og-hjem,engangs-og-servietter,"kr 27,90","kr 1,40 per stk",Servietter Nu Är Det Jul Igen,"3 lag, 33x33cm, 20 stk"
38,hus-og-hjem,engangs-og-servietter,"kr 39,90","kr 39,90 per stk",Duk Star Stories Red,"Papir, 0,4x4,8 meter, 1 stk"
0,hus-og-hjem,batterier,"kr 39,90","kr 3,99 per stk",Co-batteri AA,"LR06, 10 stk"
1,hus-og-hjem,batterier,"kr 124,10","kr 7,76 per stk",Batteri AA12 Plus Power,16 stk
2,hus-og-hjem,batterier,"kr 62,70","kr 15,68 per stk",Batterier Ultra Power,"AA, 4 stk"
3,hus-og-hjem,batterier,"kr 50,40","kr 12,60 per stk",Batterier Plus Power,"AA, 4 stk"
4,hus-og-hjem,batterier,"kr 32,60","kr 3,26 per stk",Batterier AA,10 stk
5,hus-og-hjem,batterier,"kr 102,10","kr 6,38 per stk",Batteri AAA Plus Power,16 stk
6,hus-og-hjem,batterier,"kr 63,50","kr 15,88 per stk",Batteri AAA Plus Power,4 stk
7,hus-og-hjem,batterier,"kr 25,70","kr 2,57 per stk",Batterier AAA,"Alkaliske, 10 stk"
8,hus-og-hjem,batterier,"kr 29,90","kr 29,90 per stk",Co-batteri 9v,1 stk
9,hus-og-hjem,batterier,"kr 44,90","kr 44,90 per stk",Batteri 9V Plus Power,1 stk
10,hus-og-hjem,batterier,"kr 62,50","kr 62,50 per stk",Duracell Batteri Ultra Power,"9V, 1 stk"
11,hus-og-hjem,batterier,"kr 26,90","kr 26,90 per stk",Batteri 9V,"Alkaliske, 1 stk"
12,hus-og-hjem,batterier,"kr 48,70","kr 24,35 per stk",Batteri C Plus Power,2 stk
13,hus-og-hjem,batterier,"kr 29,90","kr 14,95 per stk",Co-batteri D/LR20,2 stk
14,hus-og-hjem,batterier,"kr 48,70","kr 24,35 per stk",Batteri D Plus Power,2 stk
15,hus-og-hjem,batterier,"kr 27,40","kr 13,70 per stk","Batterier DLR 20 1,5V","Alkaliske, 2 stk"
16,hus-og-hjem,batterier,"kr 89,90","kr 17,98 per stk",Lithiumbatteri Cr2032,5 stk
17,hus-og-hjem,batterier,"kr 44,90","kr 22,45 per stk",Batteri 2032 3V Lithium,2 stk
18,hus-og-hjem,batterier,"kr 89,90","kr 17,98 per stk",Lithiumbatteri Cr2025,5 stk
19,hus-og-hjem,batterier,"kr 51,40","kr 25,70 per stk",Batteri 2025 3V Lithium,2 stk
20,hus-og-hjem,batterier,"kr 49,70","kr 24,85 per stk",Batteri 2016 3V Lithium,2 stk
21,hus-og-hjem,batterier,"kr 53,70","kr 26,85 per stk","Batteri LR44 1,5V",2 stk
22,hus-og-hjem,batterier,"kr 59,90","kr 9,98 per stk",Høreapparatbatteri 13,6 stk
23,hus-og-hjem,batterier,"kr 59,90","kr 9,98 per stk",Høreapparatbatteri 312,6 stk
24,hus-og-hjem,batterier,"kr 51,60","kr 25,80 per stk",Batteri MN21 A23,2 stk
25,hus-og-hjem,batterier,"kr 149,90","kr 6,25 per stk",Alkalisk Batteri AAA,"24 stk, 24 stk"
26,hus-og-hjem,batterier,"kr 149,90","kr 6,25 per stk",Alkalisk Batteri AA,"24 stk, 24 stk"
0,hus-og-hjem,kjokkenredskap,"kr 36,80","kr 18,40 per stk",Lokk til Stor Makrellboks & Stor Leverpostei,2 stk
1,hus-og-hjem,kjokkenredskap,"kr 72,40","kr 72,40 per stk",Drikkeflaske Squezze 460ml,"Tilfeldig Farge, 1 stk"
2,hus-og-hjem,kjokkenredskap,"kr 82,90","kr 82,90 per stk",Sistema Drikkeflaske 475ml,"Tilfeldig Farge, 1 stk"
3,hus-og-hjem,kjokkenredskap,"kr 72,40","kr 72,40 per stk",Lunch Plus,"1.2l, Tilfeldig Farge, 1 stk"
4,hus-og-hjem,kjokkenredskap,"kr 82,90","kr 82,90 per stk",Lunch Cube To Go,"1,4l, 1 stk"
5,hus-og-hjem,kjokkenredskap,"kr 54,80","kr 54,80 per stk",Ostehøvel,1 stk
6,hus-og-hjem,kjokkenredskap,"kr 43,60","kr 43,60 per stk",Eggdeler Skiver og Båter,1 stk
7,hus-og-hjem,kjokkenredskap,"kr 96,80","kr 96,80 per stk",Hackit Kjøttdeighakker,"Assorterte Farger, 1 stk"
8,hus-og-hjem,kjokkenredskap,"kr 34,70","kr 34,70 per stk",Stekespade Nylon,1 stk
9,hus-og-hjem,kjokkenredskap,"kr 40,10","kr 40,10 per stk",Spiralvisp Nylon,1 stk
10,hus-og-hjem,kjokkenredskap,"kr 47,20","kr 47,20 per stk",Øse,1 stk
11,hus-og-hjem,kjokkenredskap,"kr 37,50","kr 37,50 per stk",Pizzahjul,1 stk
12,hus-og-hjem,kjokkenredskap,"kr 40,80","kr 40,80 per stk",Skreller Fast Blad,1 stk
13,hus-og-hjem,kjokkenredskap,"kr 40,80","kr 40,80 per stk",Slikkepott,1 stk
14,hus-og-hjem,kjokkenredskap,"kr 66,40","kr 66,40 per stk",Hvitløkspresse,1 stk
15,hus-og-hjem,kjokkenredskap,"kr 37,50","kr 37,50 per stk",Saks m/Softgrip,1 stk
16,hus-og-hjem,kjokkenredskap,"kr 83,00","kr 27,67 per stk",Målekannesett,3 stk
17,hus-og-hjem,kjokkenredskap,"kr 62,80","kr 62,80 per stk",Skjærebrett,"35x25 cm, 1 stk"
18,hus-og-hjem,kjokkenredskap,"kr 92,40","kr 92,40 per stk",Brødbakeform,"30 cm, 1 stk"
19,hus-og-hjem,kjokkenredskap,"kr 35,60","kr 35,60 per stk",Fryseboks,"0,5l, 1 stk"
20,hus-og-hjem,kjokkenredskap,"kr 53,30","kr 53,30 per stk",Fryse- og oppbevaringsboks,"1,2l, 1 stk"
21,hus-og-hjem,kjokkenredskap,"kr 36,80","kr 7,36 per stk",Frysebeger,"3 dl, 5 stk"
22,hus-og-hjem,kjokkenredskap,"kr 799,00","kr 799,00 per stk",Kaffetrakter Coline Svart,1 stk
23,hus-og-hjem,kjokkenredskap,"kr 499,90","kr 499,90 per stk",Smørbrødgrill Krups,1 stk
24,hus-og-hjem,kjokkenredskap,"kr 299,90","kr 299,90 per stk",Gryte 3.0l rustfri coline,1 stk
25,hus-og-hjem,kjokkenredskap,"kr 99,90","kr 99,90 per stk",Langform Coline,1 stk
26,hus-og-hjem,kjokkenredskap,"kr 99,90","kr 33,30 per stk",Saksesett,3 stk
27,hus-og-hjem,kjokkenredskap,"kr 199,90","kr 199,90 per stk",Sitruspresse,1 stk
28,hus-og-hjem,kjokkenredskap,"kr 29,90","kr 29,90 per stk",Klart lokk,"til kjøleskapoppbevaring M, 1 stk"
29,hus-og-hjem,kjokkenredskap,"kr 79,90","kr 79,90 per stk",Korketrekker,1 stk
30,hus-og-hjem,kjokkenredskap,"kr 14,90","kr 14,90 per stk",Klart lokk,"til kjøleskapoppbevaring XS, 1 stk"
31,hus-og-hjem,kjokkenredskap,"kr 39,90","kr 39,90 per stk",Ostehøvel Coline,1 stk
32,hus-og-hjem,kjokkenredskap,"kr 199,90","kr 199,90 per stk",Brødkniv 20cm,1 stk
33,hus-og-hjem,kjokkenredskap,"kr 129,90","kr 129,90 per stk",Knivsliper,1 stk
34,hus-og-hjem,kjokkenredskap,"kr 99,90","kr 227,05 per l",Sodastream 7Up Free Sitron,"Konsentrat, 440 ml"
35,hus-og-hjem,kjokkenredskap,"kr 79,90","kr 79,90 per stk",Matboks Glass,"1,5l, 1 stk"
36,hus-og-hjem,kjokkenredskap,"kr 99,90","kr 227,05 per l",Sodastream Pepsi Cola,"Konsentrat, 440 ml"
37,hus-og-hjem,kjokkenredskap,"kr 299,90","kr 299,90 per stk",Vannkoker,"1.0L, Rustfri, 1 stk"
38,hus-og-hjem,kjokkenredskap,"kr 499,90","kr 499,90 per stk",Blender Electrolux Esb2300,1 stk
39,hus-og-hjem,kjokkenredskap,"kr 19,90","kr 19,90 per stk",Isbitform 16 biter,1 stk
40,hus-og-hjem,kjokkenredskap,"kr 799,00","kr 799,00 per stk",Luftfrityrkoker,1 stk
41,hus-og-hjem,kjokkenredskap,"kr 79,90","kr 79,90 per stk",Kjøleskapsoppbevaring for egg,1 stk
42,hus-og-hjem,kjokkenredskap,"kr 49,90","kr 49,90 per stk",Stekespade rustfritt stål,"29cm, 1 stk"
43,hus-og-hjem,kjokkenredskap,"kr 49,90","kr 49,90 per stk",Ekstra blad komfyr og glass-skrape,1 stk
44,hus-og-hjem,kjokkenredskap,"kr 399,90","kr 399,90 per stk",Vannkoker Coline Sort,1 stk
45,hus-og-hjem,kjokkenredskap,"kr 49,90","kr 49,90 per stk",Kaffemål metall,1 stk
46,hus-og-hjem,kjokkenredskap,"kr 99,90","kr 99,90 per stk",Ildfastform oval,"35 x 24 x 7 cm, 1 stk"
47,hus-og-hjem,kjokkenredskap,"kr 269,90","kr 269,90 per stk",Plastfolieautomat,1 stk
48,hus-og-hjem,kjokkenredskap,"kr 89,90","kr 89,90 per stk",Komfyr og glass-skrape,1 stk
49,hus-og-hjem,kjokkenredskap,"kr 399,90","kr 399,90 per stk",Bestikksett 24 deler,"Gullfarge, 1 stk"
50,hus-og-hjem,kjokkenredskap,"kr 139,90","kr 139,90 per stk",Kniver 4-pack,1 stk
51,hus-og-hjem,kjokkenredskap,"kr 199,90","kr 199,90 per stk",Kokkekniv Coline 20cm,1 stk
52,hus-og-hjem,kjokkenredskap,"kr 69,90","kr 23,30 per stk",Kjøkkenredskaper bøk,"30cm lende, 3 stk"
53,hus-og-hjem,kjokkenredskap,"kr 499,90","kr 499,90 per stk",Vaffeljern,"Dobbel, 1 stk"
54,hus-og-hjem,kjokkenredskap,"kr 599,00","kr 599,00 per stk",Kaffekvern,"Molino, 1 stk"
55,hus-og-hjem,kjokkenredskap,"kr 169,90","kr 169,90 per stk",Brødrister 2 skiver,"Svart, 1 stk"
56,hus-og-hjem,kjokkenredskap,"kr 199,90","kr 199,90 per stk","Stavmikser, Svart",1 stk
57,hus-og-hjem,kjokkenredskap,"kr 249,90","kr 249,90 per stk",Presskanne Bistro Nouveau,"3 kopper, 1 stk"
58,hus-og-hjem,kjokkenredskap,"kr 49,90","kr 49,90 per stk",Kjøleskapsoppbevaring for bokser,1 stk
59,hus-og-hjem,kjokkenredskap,"kr 269,90","kr 269,90 per stk",Epleskreller,1 stk
60,hus-og-hjem,kjokkenredskap,"kr 39,90","kr 39,90 per stk",Tesil med klype,1 stk
61,hus-og-hjem,kjokkenredskap,"kr 1390,00","kr 1390,00 per stk",Blender Bosch silentmix pro,1 stk
62,hus-og-hjem,kjokkenredskap,"kr 99,90","kr 99,90 per stk",Kjevle bøk,1 stk
63,hus-og-hjem,kjokkenredskap,"kr 39,90","kr 39,90 per stk",Pizzakutter,1 stk
64,hus-og-hjem,kjokkenredskap,"kr 59,90","kr 59,90 per stk",Kjøleskapsoppbevaring M,1 stk
0,hus-og-hjem,kontor,"kr 39,90","kr 39,90 per stk",Kopipapir A4 500 ark,1 stk
1,hus-og-hjem,kontor,"kr 65,20","kr 0,13 per stk",Kopipapir A4,500 stk
2,hus-og-hjem,kontor,"kr 61,80","kr 61,80 per stk",Universallim Scotch,1 stk
3,hus-og-hjem,kontor,"kr 35,20","kr 35,20 per stk",Scotch Tape Magic med Holder,"15m, 1 stk"
4,hus-og-hjem,kontor,"kr 39,90","kr 39,90 per stk",Teipdispenser M/teip,1 stk
5,hus-og-hjem,kontor,"kr 39,90","kr 19,95 per stk",Scotch Tape,2 stk
6,hus-og-hjem,kontor,"kr 99,90","kr 99,90 per stk",Gaffateip Basic Mattsvart,1 stk
7,hus-og-hjem,kontor,"kr 19,60","kr 980,00 per kg",Strikk,20 g
8,hus-og-hjem,kontor,"kr 20,10","kr 10,05 per stk",Viskelær,2 stk
9,hus-og-hjem,kontor,"kr 24,80","kr 24,80 per stk",Trykkblyant,"0.7, 1 stk"
10,hus-og-hjem,kontor,"kr 19,10","kr 4,78 per stk",Blyanter,4 stk
11,hus-og-hjem,kontor,"kr 30,10","kr 30,10 per stk",Tusj Sort Penol,1 stk
12,hus-og-hjem,kontor,"kr 48,20","kr 4,82 per stk",Fargeblyanter Jumbo,10 stk
13,hus-og-hjem,kontor,"kr 59,90","kr 59,90 per stk",Notiskube 400 Ark,1 stk
14,hus-og-hjem,kontor,"kr 34,20","kr 34,20 per stk",Post-it Blokk,"76x127 mm, 1 stk"
15,hus-og-hjem,kontor,"kr 29,10","kr 29,10 per stk",Post-It Blokk Gul,"76x76mm, 1 stk"
16,hus-og-hjem,kontor,"kr 37,50","kr 37,50 per stk",Spiralhefte Linjer A4,"80 ark, 1 stk"
17,hus-og-hjem,kontor,"kr 43,80","kr 43,80 per stk",Spiralhefter Ruter A4,"80 ark, 1 stk"
18,hus-og-hjem,kontor,"kr 24,20","kr 24,20 per stk",Notisblokk,"50 ark, 1 stk"
19,hus-og-hjem,kontor,"kr 19,60","kr 19,60 per stk",Postblokken A5 med linjer,"50 ark, 1 stk"
20,hus-og-hjem,kontor,"kr 35,50","kr 35,50 per stk",Tegneblokk,"40 ark, 1 stk"
21,hus-og-hjem,kontor,"kr 46,10","kr 46,10 per stk",Notatblokk A5,"Hard plast, Assorterte farger, 1 stk"
22,hus-og-hjem,kontor,"kr 24,90","kr 2,49 per stk",Konvolutter C5,"Hvit, 10 stk"
23,hus-og-hjem,kontor,"kr 19,10","kr 0,96 per stk",Konvolutter C6,"Hvit, 20 stk"
24,hus-og-hjem,kontor,"kr 26,20","kr 26,20 per stk",Korrektur Roller,1 stk
25,hus-og-hjem,kontor,"kr 18,60","kr 0,19 per stk",Binders,100 stk
26,hus-og-hjem,kontor,"kr 37,50","kr 37,50 per stk",Saks m/Softgrip,1 stk
27,hus-og-hjem,kontor,"kr 159,90","kr 159,90 per stk",12v USB Lader Micro-USB,1 stk
28,hus-og-hjem,kontor,"kr 39,90","kr 39,90 per stk",Brilleservietter,1 stk
29,hus-og-hjem,kontor,"kr 39,90","kr 13,30 per stk",Collegeblokk A4 Linjer,3 stk
30,hus-og-hjem,kontor,"kr 39,90","kr 13,30 per stk",Collegeblokk A4 Ruter,3 stk
31,hus-og-hjem,kontor,"kr 39,90","kr 13,30 per stk",Collegeblokk A5 Linjert,3 stk
32,hus-og-hjem,kontor,"kr 39,90","kr 13,30 per stk",Collegeblokk A5 Rutet,3 stk
33,hus-og-hjem,kontor,"kr 199,90","kr 199,90 per stk",HDMI-kabel,"2 meter, 1 stk"
34,hus-og-hjem,kontor,"kr 399,90","kr 399,90 per stk",Powerbank Usb-c 10050mah,1 stk
35,hus-og-hjem,kontor,"kr 119,90","kr 119,90 per stk",Hodetelefon med mikrofon,"Svart, 1 stk"
36,hus-og-hjem,kontor,"kr 99,90","kr 99,90 per stk",Lesebrille + 1.50,1 stk
37,hus-og-hjem,kontor,"kr 99,90","kr 99,90 per stk",Lesebrille + 2.00,1 stk
38,hus-og-hjem,kontor,"kr 99,90","kr 99,90 per stk",Lesebrille + 2.50,1 stk
39,hus-og-hjem,kontor,"kr 199,90","kr 199,90 per stk",Lightning V-lader 12v,"iPod/iPhone/iPad, 1 stk"
40,hus-og-hjem,kontor,"kr 29,90","kr 29,90 per stk",Limstift 21 G,1 stk
41,hus-og-hjem,kontor,"kr 159,90","kr 159,90 per stk",Micro USB-lader 230V,"1m, sort, 1 stk"
42,hus-og-hjem,kontor,"kr 349,90","kr 349,90 per stk",Mini-DisplayPort til HDMI-adapter,1 stk
43,hus-og-hjem,kontor,"kr 59,90","kr 59,90 per stk",Skjøteledning 3m med jord,1 stk
44,hus-og-hjem,kontor,"kr 159,90","kr 159,90 per stk",Synkkabel Lightning hvit,"iPod/iPhone/iPad, 1 stk"
45,hus-og-hjem,kontor,"kr 149,90","kr 149,90 per stk",Synkkabel Micro-USB,"Hvit, 1 stk"
46,hus-og-hjem,kontor,"kr 139,90","kr 139,90 per stk",Trådløs mus,1 stk
47,hus-og-hjem,kontor,"kr 249,90","kr 249,90 per stk",Trådløst tastatur og mus,1 stk
48,hus-og-hjem,kontor,"kr 199,90","kr 199,90 per stk",USB-A til USB-C-kabel,"1,8m, 1 stk"
49,hus-og-hjem,kontor,"kr 299,90","kr 299,90 per stk",Usb-c Til Hdmi-adapter,1 stk
50,hus-og-hjem,kontor,"kr 199,90","kr 199,90 per stk",USB-lader Lightning 230v,"iPod/iPhone/iPad, 1 stk"
51,hus-og-hjem,kontor,"kr 49,90","kr 49,90 per stk",Tegneblokk FSC A4 50 ark,1 stk
52,hus-og-hjem,kontor,"kr 59,90","kr 59,90 per stk",Stiftemaskin,"For 26/6 klammer, 1 stk"
53,hus-og-hjem,kontor,"kr 79,90","kr 79,90 per stk",Hullemaskin,"30 ark, 1 stk"
54,hus-og-hjem,kontor,"kr 59,90","kr 5,99 per stk",Boblepose,"180x265mm, 10 stk"
55,hus-og-hjem,kontor,"kr 69,90","kr 69,90 per stk",Notismix,"8 deler, 1 stk"
56,hus-og-hjem,kontor,"kr 69,90","kr 69,90 per stk",Kalkulator,1 stk
57,hus-og-hjem,kontor,"kr 49,90","kr 4,99 per stk",Boblepose,"215x120mm, 10 stk"
58,hus-og-hjem,kontor,"kr 69,90","kr 6,99 per stk",Boblepose,"360x270mm, 10 stk"
59,hus-og-hjem,kontor,"kr 69,90","kr 69,90 per stk",Memotavle med penn,1 stk
60,hus-og-hjem,kontor,"kr 39,90","kr 39,90 per stk",Klammer til Stiftemaskin 26/6,1 stk
61,hus-og-hjem,kontor,"kr 89,90","kr 89,90 per stk",Id kortholder med jojo,1 stk
62,hus-og-hjem,kontor,"kr 99,90","kr 5,00 per m",Bobleplast,20 m
0,hus-og-hjem,diverse-husholdning,"kr 27,20","kr 27,20 per l",Tennvæske Blåtind,1 l
1,hus-og-hjem,diverse-husholdning,"kr 65,80","kr 13,16 per kg",Strøsalt,5 kg
2,hus-og-hjem,diverse-husholdning,"kr 43,50","kr 14,50 per l",Spylervæske Selaclean,3 l
3,hus-og-hjem,diverse-husholdning,"kr 16,80","kr 16,80 per stk",Lighter Flint,1 stk
4,hus-og-hjem,diverse-husholdning,"kr 25,30","kr 25,30 per stk",Peislighter,1 stk
5,hus-og-hjem,diverse-husholdning,"kr 14,20","kr 1,78 per stk",Fyrstikker,8 stk
6,hus-og-hjem,diverse-husholdning,"kr 83,20","kr 20,80 per stk",Peiskubbe,4 stk
7,hus-og-hjem,diverse-husholdning,"kr 50,10","kr 0,50 per stk",Opptenningsbriketter,100 stk
8,hus-og-hjem,diverse-husholdning,"kr 24,90","kr 1,25 per stk",Små Opptenningsfyrstikker,20 stk
9,hus-og-hjem,diverse-husholdning,"kr 16,80","kr 16,80 per stk",Lighter GS-1,"Assortert farge, 1 stk"
10,hus-og-hjem,diverse-husholdning,"kr 15,40","kr 0,32 per stk",Fyrstikker XL,"Ekstra Lange, 48 stk"
11,hus-og-hjem,diverse-husholdning,"kr 35,80","kr 1,79 per stk",Bjørkepinner til Pinnekjøtt,20 stk
12,hus-og-hjem,diverse-husholdning,"kr 24,20","kr 0,12 per stk",Kaffefilter Bleket,"Størrelse 4, 200 stk"
13,hus-og-hjem,diverse-husholdning,"kr 74,80","kr 0,30 per stk",Kaffefilter,"110mm, 250 stk"
14,hus-og-hjem,diverse-husholdning,"kr 63,30","kr 0,25 per stk",Kaffefilter,"90mm, 250 stk"
15,hus-og-hjem,diverse-husholdning,"kr 43,90","kr 43,90 per stk",Rensemiddel til kaffetrakter,1 stk
16,hus-og-hjem,diverse-husholdning,"kr 55,80","kr 55,80 per l",Lampeolje Eksklusiv,1 l
17,hus-og-hjem,diverse-husholdning,"kr 20,10","kr 251,25 per kg",Bomullshyssing,80 g
18,hus-og-hjem,diverse-husholdning,"kr 20,10","kr 20,10 per stk",Plastbøtte,"Tilfeldig Farge, 10 liter, 1 stk"
19,hus-og-hjem,diverse-husholdning,"kr 30,90","kr 3,86 per stk",Spisepinner,"8 par, 8 stk"
20,hus-og-hjem,diverse-husholdning,"kr 13,70","kr 0,14 per stk",Grillpinner i Bambus,100 stk
21,hus-og-hjem,diverse-husholdning,"kr 97,90","kr 489,50 per l",Jo-Ni Møbelpuss,200 ml
22,hus-og-hjem,diverse-husholdning,"kr 48,80","kr 244,00 per l",Keramikkrent Rens,200 ml
23,hus-og-hjem,diverse-husholdning,"kr 38,50","kr 154,00 per l",Pussemiddel,250 ml
24,hus-og-hjem,diverse-husholdning,"kr 28,10","kr 0,78 per stk",Klesklyper i Plast,36 stk
25,hus-og-hjem,diverse-husholdning,"kr 35,80","kr 35,80 per stk",Klesrulle Mini,1 stk
26,hus-og-hjem,diverse-husholdning,"kr 18,60","kr 0,19 per stk",Binders,100 stk
27,hus-og-hjem,diverse-husholdning,"kr 19,60","kr 980,00 per kg",Strikk,20 g
28,hus-og-hjem,diverse-husholdning,"kr 90,80","kr 90,80 per stk",Forgrener 4-veis med Bryter,1 stk
29,hus-og-hjem,diverse-husholdning,"kr 34,70","kr 694,00 per l",Kiwi Parade Gloss Black Svamp,50 ml
30,hus-og-hjem,diverse-husholdning,"kr 34,90","kr 4985,71 per l",Express Shine Sort Svamp,7 ml
31,hus-og-hjem,diverse-husholdning,"kr 21,40","kr 0,89 per stk",Kakelys,"Assortert Variant, 24 stk"
32,hus-og-hjem,diverse-husholdning,"kr 41,10","kr 41,10 per stk",Yatzy i Eske,"Med 6 Terninger, 1 stk"
33,hus-og-hjem,diverse-husholdning,"kr 22,80","kr 22,80 per stk",Kortstokk,1 stk
34,hus-og-hjem,diverse-husholdning,"kr 40,50","kr 40,50 per stk",Feiesett,"Assorterte farger, 1 stk"
35,hus-og-hjem,diverse-husholdning,"kr 129,90","kr 129,90 per stk",Bitssett 31 deler,"Cotech, 1 stk"
36,hus-og-hjem,diverse-husholdning,"kr 139,90","kr 139,90 per stk",Selvheftende baderomskrok,"Dobbel, 1 stk"
37,hus-og-hjem,diverse-husholdning,"kr 79,90","kr 79,90 per stk",Dørhenger 4 kroker,"Hvit, 1 stk"
38,hus-og-hjem,diverse-husholdning,"kr 72,40","kr 72,40 per stk",Drikkeflaske Squezze 460ml,"Tilfeldig Farge, 1 stk"
39,hus-og-hjem,diverse-husholdning,"kr 349,90","kr 349,90 per stk",Elektrisk Barberhøvel Oneblade,1 stk
40,hus-og-hjem,diverse-husholdning,"kr 249,90","kr 249,90 per stk",Fjernstrømbryter Nexa 3-pack,1 stk
41,hus-og-hjem,diverse-husholdning,"kr 34,40","kr 34,40 per stk",Frysetape,"25 m, 1 stk"
42,hus-og-hjem,diverse-husholdning,"kr 49,90","kr 49,90 per stk","Grenuttak 3-veis, jord",1 stk
43,hus-og-hjem,diverse-husholdning,"kr 169,90","kr 169,90 per stk",Hammer 16oz,1 stk
44,hus-og-hjem,diverse-husholdning,"kr 329,90","kr 329,90 per stk",Håndstøvsuger,"7,2V, 1 stk"
45,hus-og-hjem,diverse-husholdning,"kr 549,00","kr 549,00 per stk",Hårføner,"Keratin, 1 stk"
46,hus-og-hjem,diverse-husholdning,"kr 249,90","kr 249,90 per stk",Heftepistol,"Cs140, Cocraft, 1 stk"
47,hus-og-hjem,diverse-husholdning,"kr 99,90","kr 0,15 per stk",Klammer Type 140 10mm,650 stk
48,hus-og-hjem,diverse-husholdning,"kr 69,90","kr 8,74 per stk",Kleshenger,"Svart, 8 stk"
49,hus-og-hjem,diverse-husholdning,"kr 39,90","kr 1,66 per stk",Klesklyper Tre,24 stk
50,hus-og-hjem,diverse-husholdning,"kr 18,50","kr 18,50 per stk",Lighter,"Zapp Rubber Flint, 1 stk"
51,hus-og-hjem,diverse-husholdning,"kr 39,90","kr 39,90 per stk",Limpatroner 7x100mm,"Transparent, 1 stk"
52,hus-og-hjem,diverse-husholdning,"kr 82,90","kr 82,90 per stk",Lunch Cube To Go,"1,4l, 1 stk"
53,hus-og-hjem,diverse-husholdning,"kr 72,40","kr 72,40 per stk",Lunch Plus,"1.2l, Tilfeldig Farge, 1 stk"
54,hus-og-hjem,diverse-husholdning,"kr 119,90","kr 119,90 per stk",Målebånd 5m,"Cocraft, 1 stk"
55,hus-og-hjem,diverse-husholdning,"kr 199,90","kr 99,95 per stk",Optisk brannvarsler,2 stk
56,hus-og-hjem,diverse-husholdning,"kr 79,90","kr 79,90 per stk",Paraply kompakt 103cm svart,1 stk
57,hus-og-hjem,diverse-husholdning,"kr 199,90","kr 199,90 per stk",Pedalbøtte,"3l, 1 stk"
58,hus-og-hjem,diverse-husholdning,"kr 219,90","kr 219,90 per stk",Personvekt Svart,1 stk
59,hus-og-hjem,diverse-husholdning,"kr 39,90","kr 1,43 per stk",Poseklemmer,28 stk
60,hus-og-hjem,diverse-husholdning,"kr 29,90","kr 29,90 per stk",Refill Tekstilrulle,1 stk
61,hus-og-hjem,diverse-husholdning,"kr 49,90","kr 49,90 per stk",Regnponcho,"Hvit, 1 stk"
62,hus-og-hjem,diverse-husholdning,"kr 49,90","kr 49,90 per stk",Regnponcho,"Transparent, 1 stk"
63,hus-og-hjem,diverse-husholdning,"kr 82,90","kr 82,90 per stk",Sistema Drikkeflaske 475ml,"Tilfeldig Farge, 1 stk"
64,hus-og-hjem,diverse-husholdning,"kr 149,90","kr 149,90 per stk",Skrue og pluggsett,"670 deler, 1 stk"
65,hus-og-hjem,diverse-husholdning,"kr 209,90","kr 209,90 per stk",Skrutrekkersett 7 deler,"Cocraft, 1 stk"
66,hus-og-hjem,diverse-husholdning,"kr 69,90","kr 69,90 per stk","Stakefjær 7,5m",1 stk
0,dyremat,hundemat,"kr 15,30","kr 0,38 per stk",Hundeposer,40 stk
1,dyremat,hundemat,"kr 24,80","kr 49,60 per kg",Hundepølse,500 g
2,dyremat,hundemat,"kr 24,30","kr 24,30 per kg",Hundepølse,1 kg
3,dyremat,hundemat,"kr 12,40","kr 826,67 per kg",Welldone Biff Snack til Hund,15 g
4,dyremat,hundemat,"kr 12,40","kr 826,67 per kg",Welldone Kylling Snack til Hund,15 g
5,dyremat,hundemat,"kr 100,20","kr 227,73 per kg",Dentastix Small,"28 stk, 440 g"
6,dyremat,hundemat,"kr 80,90","kr 2,89 per stk",Dentastix Medium,"720g, 28 stk"
7,dyremat,hundemat,"kr 192,50","kr 178,24 per kg",Dentastix Large,"28 stk, 1,08 kg"
8,dyremat,hundemat,"kr 33,10","kr 254,62 per kg",Tyggeben Bigbite Hvit Rull,"Medium, 2 stk, 130 g"
9,dyremat,hundemat,"kr 43,50","kr 395,45 per kg",Dentastix Small,"7 stk, 110 g"
10,dyremat,hundemat,"kr 50,30","kr 279,44 per kg",Dentastix Medium,"7 stk, 180 g"
11,dyremat,hundemat,"kr 50,40","kr 186,67 per kg",Dentastix Large,"7 stk, 270 g"
12,dyremat,hundemat,"kr 34,20","kr 190,00 per kg",Jumbone Medium,180 g
13,dyremat,hundemat,"kr 108,50","kr 49,32 per kg",Junior Kylling & Ris,"2,2 kg"
14,dyremat,hundemat,"kr 106,80","kr 53,40 per kg",Small Dog Kyll & Ris,2 kg
15,dyremat,hundemat,"kr 115,90","kr 38,63 per kg",Oksekjøtt,3 kg
16,dyremat,hundemat,"kr 95,20","kr 63,47 per kg",My Dog Is Active,"Purina One, 1,5 kg"
17,dyremat,hundemat,"kr 187,00","kr 46,75 per kg",Hundefôr Liten,4 kg
18,dyremat,hundemat,"kr 82,10","kr 54,73 per kg",Hundefôr Valp,"1,5 kg"
19,dyremat,hundemat,"kr 167,80","kr 41,95 per kg",Hundefôr Voksen,4 kg
20,dyremat,hundemat,"kr 302,30","kr 33,59 per kg",Hundefôr Voksen,9 kg
21,dyremat,hundemat,"kr 345,90","kr 38,43 per kg",Hundefôr Aktiv,9 kg
22,dyremat,hundemat,"kr 55,80","kr 93,00 per kg",Classics Selection,600 g
23,dyremat,hundemat,"kr 52,80","kr 88,00 per kg",Country Special Selection,600 g
24,dyremat,hundemat,"kr 72,40","kr 48,27 per kg",Tørrfor Med Oksekjøtt,"1,5 kg"
25,dyremat,hundemat,"kr 27,40","kr 54,80 per kg",Markies,500 g
26,dyremat,hundemat,"kr 18,80","kr 522,22 per kg",Schmackos,5 stk
27,dyremat,hundemat,"kr 39,80","kr 284,29 per kg",Cheesy Bites,140 g
28,dyremat,hundemat,"kr 44,70","kr 638,57 per kg",Ranchos Kylling,70 g
29,dyremat,hundemat,"kr 34,40","kr 114,67 per kg",Okse & Lever,300 g
30,dyremat,hundemat,"kr 44,20","kr 442,00 per kg",Hundefisk,100 g
31,dyremat,hundemat,"kr 44,20","kr 14,73 per stk",Griseører,3 stk
32,dyremat,hundemat,"kr 60,00","kr 480,00 per kg",Bones 3 in 1 Rull,"3 x 25cm, 125 g"
33,dyremat,hundemat,"kr 33,10","kr 331,00 per kg",Snacks med Kylling & And,100 g
34,dyremat,hundemat,"kr 22,80","kr 253,33 per kg",Purina Adventuros Strips,90 g
35,dyremat,hundemat,"kr 68,20","kr 13,64 per kg",Bestevenn Hundemat,5 kg
36,dyremat,hundemat,"kr 12,60","kr 42,00 per kg",Hundemat m/Okse,300 g
37,dyremat,hundemat,"kr 14,90","kr 12,02 per kg",Hundemat Oksekjøtt,"1,24 kg"
38,dyremat,hundemat,"kr 49,90","kr 49,90 per stk",Aktivitetsball for hund,"Liten, 1 stk"
39,dyremat,hundemat,"kr 69,90","kr 69,90 per stk",Aktivitetsball for hund,"Stor, 1 stk"
40,dyremat,hundemat,"kr 69,90","kr 69,90 per stk",Hundematskål rustfri,"2 liter, 1 stk"
41,dyremat,hundemat,"kr 49,90","kr 0,62 per stk",Hundeposer Asaklitt,"Bio, 80 stk"
42,dyremat,hundemat,"kr 22,90","kr 327,14 per kg",Kyllingsnacks Til Hund,70 g
43,dyremat,hundemat,"kr 24,80","kr 62,00 per kg",Pedigree Vital Kylling og Grønnsaker,"4 x 100g, 400 g"
44,dyremat,hundemat,"kr 36,70","kr 12,23 per stk",Tyggebein Kylling,"10 cm, 3 stk"
0,dyremat,hundemat-faghandel,"kr 679,00","kr 56,58 per kg",Adult All Breed,"Salmon, 12 kg"
1,dyremat,hundemat-faghandel,"kr 649,00","kr 54,08 per kg",Active Adult Medium Breed,"Rich In Fresh Chicken, 12 kg"
2,dyremat,hundemat-faghandel,"kr 330,00","kr 74,32 per kg",Science Plan Adult Advanced Fitness Chicken,"12x370g, 4,44 kg"
3,dyremat,hundemat-faghandel,"kr 699,00","kr 49,93 per kg",Adult Large Athletic,14 kg
4,dyremat,hundemat-faghandel,"kr 689,00","kr 49,21 per kg",Adult Medium Chicken,14 kg
5,dyremat,hundemat-faghandel,"kr 739,00","kr 52,79 per kg",Adult Light Chicken,14 kg
6,dyremat,hundemat-faghandel,"kr 429,00","kr 61,29 per kg",Adult Small Chicken,7 kg
7,dyremat,hundemat-faghandel,"kr 279,00","kr 93,00 per kg",Puppy Medium Chicken,3 kg
8,dyremat,hundemat-faghandel,"kr 499,00","kr 166,33 per kg",Adult Small/Mini Sensitive,3 kg
9,dyremat,hundemat-faghandel,"kr 749,00","kr 62,42 per kg",Science Plan Adult No Grain Medium Dog Chicken,14 kg
10,dyremat,hundemat-faghandel,"kr 799,00","kr 57,07 per kg",Science Plan Canine Sensitive Stomach & Skin,14 kg
11,dyremat,hundemat-faghandel,"kr 799,00","kr 57,07 per kg",Science Plan Puppy Healthy Development Medium Chicken,14 kg
12,dyremat,hundemat-faghandel,"kr 769,00","kr 54,93 per kg",Science Plan Canine Adult Advanced Fitness Medium with Chicken,14 kg
0,dyremat,kattemat,"kr 64,80","kr 43,20 per kg",Kattemat for steriliserte katter,"1,5 kg"
1,dyremat,kattemat,"kr 129,90","kr 32,48 per kg","Okse, Kylling & Lever",4 kg
2,dyremat,kattemat,"kr 48,80","kr 48,80 per kg","Okse, Kylling & Lever",1 kg
3,dyremat,kattemat,"kr 50,60","kr 50,60 per kg",Laks & Grønnsaker,1 kg
4,dyremat,kattemat,"kr 28,40","kr 71,00 per kg",Junior Katt,"Friskies, 400 g"
5,dyremat,kattemat,"kr 127,90","kr 31,98 per kg",Tunfisk og grønnsaker,"Friskies, 4 kg"
6,dyremat,kattemat,"kr 61,10","kr 63,65 per kg",Latz Tasty Shreds Kjøtt,"12 stk, 960 g"
7,dyremat,kattemat,"kr 65,40","kr 54,50 per kg",Doubly Delicious,"12 x 100g, 1,2 kg"
8,dyremat,kattemat,"kr 64,80","kr 54,00 per kg",Latz Agail Kjøtt & Grønnsaker,"1,2 kg"
9,dyremat,kattemat,"kr 38,40","kr 128,00 per kg",Gourmet Mon Petit Fisk,"6x50g, 300 g"
10,dyremat,kattemat,"kr 36,20","kr 120,67 per kg",Mon Petit Kjøtt,300 g
11,dyremat,kattemat,"kr 59,40","kr 49,50 per kg",Kjøttmeny i Saus,"12x100g, 1,2 kg"
12,dyremat,kattemat,"kr 10,80","kr 270,00 per kg",Gourmet Crystal Soup Kylling & Fisk,40 g
13,dyremat,kattemat,"kr 11,10","kr 277,50 per kg",Gourmet Crystal Soup Tunfisk & Reker,40 g
14,dyremat,kattemat,"kr 168,40","kr 44,32 per kg",Oksekjøtt,"3,8 kg"
15,dyremat,kattemat,"kr 51,80","kr 54,53 per kg",Oksekjøtt +1,950 g
16,dyremat,kattemat,"kr 72,10","kr 75,89 per kg",Whiskas 1+ Sterile Kylling,950 g
17,dyremat,kattemat,"kr 10,80","kr 600,00 per kg",Sticks Salmon,18 g
18,dyremat,kattemat,"kr 11,90","kr 661,11 per kg",Sticks Strip,18 g
19,dyremat,kattemat,"kr 23,80","kr 59,50 per kg",Whiskas Kylling i Saus,400 g
20,dyremat,kattemat,"kr 52,80","kr 51,76 per kg",Whiskas Ragout Mixed Menu,"12 stk, 1,02 kg"
21,dyremat,kattemat,"kr 24,80","kr 450,91 per kg",Triocrunchy Fjærfe,55 g
22,dyremat,kattemat,"kr 39,60","kr 247,50 per kg",Sheba Soup,"4 x 40g, 160 g"
23,dyremat,kattemat,"kr 45,80","kr 152,67 per kg",Pouch Mini Fjærkre,300 g
24,dyremat,kattemat,"kr 86,90","kr 127,79 per kg",Fjerkræ Delikatesser,680 g
25,dyremat,kattemat,"kr 9,20","kr 108,24 per kg",Selection Lam & Kylling,85 g
26,dyremat,kattemat,"kr 15,40","kr 181,18 per kg",Craft Poultry,"Fjærkre, 85 g"
27,dyremat,kattemat,"kr 13,70","kr 161,18 per kg",Craft Tuna,85 g
28,dyremat,kattemat,"kr 45,80","kr 152,67 per kg",Pouch Mini Mix,300 g
29,dyremat,kattemat,"kr 13,60","kr 170,00 per kg",Mealtime Luxuries,80 g
30,dyremat,kattemat,"kr 9,40","kr 110,59 per kg",Tunfiskpaté,85 g
31,dyremat,kattemat,"kr 10,10","kr 118,82 per kg",Gourmet Gold Oksekjøtt,85 g
32,dyremat,kattemat,"kr 63,80","kr 79,75 per kg",Purina One,"Laks, 800 g"
33,dyremat,kattemat,"kr 64,10","kr 80,13 per kg",Purina One Adult,800 g
34,dyremat,kattemat,"kr 26,40","kr 440,00 per kg",Kylling & And Mix,60 g
35,dyremat,kattemat,"kr 19,60","kr 326,67 per kg",Kylling,60 g
36,dyremat,kattemat,"kr 21,90","kr 365,00 per kg",Laks,60 g
37,dyremat,kattemat,"kr 53,10","kr 88,50 per l",Catmilk,"3 x 200ml, 600 ml"
38,dyremat,kattemat,"kr 184,90","kr 18,49 per l",Ultra Catsan,10 l
39,dyremat,kattemat,"kr 118,90","kr 11,89 per l",Catsan Hygiene,10 l
40,dyremat,kattemat,"kr 69,50","kr 13,90 per kg",Kattesand Klumpe,5 kg
41,dyremat,kattemat,"kr 30,80","kr 7,70 per kg",Kattesand,"Ikke klumpende, 4 kg"
42,dyremat,kattemat,"kr 8,30","kr 20,00 per kg",Kattemat Fjærkre,415 g
43,dyremat,kattemat,"kr 7,70","kr 77,00 per kg",Kattemat Fjærkre,100 g
44,dyremat,kattemat,"kr 57,80","kr 28,90 per kg",Kattemat Tørrfor,2 kg
45,dyremat,kattemat,"kr 49,90","kr 49,90 per stk",Katteleke 3-pack,1 stk
46,dyremat,kattemat,"kr 99,90","kr 99,90 per stk",Klorematte,1 stk
47,dyremat,kattemat,"kr 22,00","kr 314,29 per kg",Kyllingsnacks til Katt,70 g
48,dyremat,kattemat,"kr 22,00","kr 314,29 per kg",Laksesnacks Til Katt,70 g
49,dyremat,kattemat,"kr 24,70","kr 411,67 per kg",Latz Party Mix Seaside,60 g
50,dyremat,kattemat,"kr 36,40","kr 107,06 per kg",Perle Gravy,"4 pk, 340 g"
0,dyremat,kattemat-faghandel,"kr 129,00","kr 151,76 per kg",Delicate Fish 10 Pack,"10x85g, 850 g"
1,dyremat,kattemat-faghandel,"kr 129,00","kr 151,76 per kg",House Salmon 10 Pack,"10x85g, 850 g"
2,dyremat,kattemat-faghandel,"kr 299,00","kr 99,67 per kg",Sterilised Adult Salmon,"To Adult cat, 3 kg"
3,dyremat,kattemat-faghandel,"kr 299,00","kr 99,67 per kg",Adult 7+,3 kg
4,dyremat,kattemat-faghandel,"kr 299,00","kr 99,67 per kg",Adult Salmon & Rice,3 kg
5,dyremat,kattemat-faghandel,"kr 449,00","kr 149,67 per kg",Science Plan Feline Young Adult Sterilised Cat,3 kg
6,dyremat,kattemat-faghandel,"kr 429,00","kr 143,00 per kg",Science Plan Kitten Chicken,3 kg
7,dyremat,kattemat-faghandel,"kr 249,00","kr 24,90 per l",Ever Clean Multiple Cat Clumping,10 l
8,dyremat,kattemat-faghandel,"kr 249,00","kr 24,90 per l",Ever Clean Extra Strength Unscented Clumping Cat Litter,10 l
9,dyremat,kattemat-faghandel,"kr 249,00","kr 24,90 per l",Ever Clean Extra Strength Scented Clumping Cat Litter,10 l
10,dyremat,kattemat-faghandel,"kr 249,00","kr 24,90 per l",Ever Clean Litter Free Paw Clump,10 l
0,dyremat,fuglemat,"kr 16,90","kr 31,30 per kg",Snadder Meiseboller,"6 stk, 540 g"
1,dyremat,fuglemat,"kr 22,50","kr 11,25 per stk",Crunchy Undulatstenger,2 stk
2,dyremat,fuglemat,"kr 18,00","kr 72,00 per kg",Fuglepeanøtter,"0,25 kg"
3,dyremat,fuglemat,"kr 28,40","kr 28,40 per kg",Solsikkefrø,1 kg
4,dyremat,fuglemat,"kr 49,80","kr 19,92 per kg",Solsikkefrø,"2,5 kg"
5,dyremat,fuglemat,"kr 29,10","kr 11,64 per kg",Fuglesand,"2,5 kg"
0,dyremat,gnagermat,"kr 36,80","kr 36,80 per kg",Festival Woody Spon Burstrø,1 kg
1,dyremat,gnagermat,"kr 30,00","kr 250,00 per kg",Crunchy Frøstenger til Gnagere,"2 stk, 120 g"
2,dyremat,gnagermat,"kr 43,70","kr 43,70 per kg",Festival Kompakt Høy,1 kg
